@article{Jackson2011,
    title = {{A framework for addressing structural uncertainty in decision models}},
    year = {2011},
    journal = {Medical Decision Making},
    author = {Jackson, Christopher H. and Bojke, Laura and Thompson, Simon G. and Claxton, Karl and Sharples, Linda D.},
    editor = {Russell, Louise B.},
    number = {4},
    month = {7},
    pages = {662--674},
    volume = {31},
    publisher = {SAGE PublicationsSage CA: Los Angeles, CA},
    url = {http://journals.sagepub.com/doi/10.1177/0272989X11406986},
    isbn = {1552-681X (Electronic){\textbackslash}r0272-989X (Linking)},
    doi = {10.1177/0272989X11406986},
    issn = {0272989X},
    pmid = {21602487},
    keywords = {Bayesian methods, elicitation, model averaging, probabilistic sensitivity analysis}
}

@article{Alimohammadi2017,
    title = {{A multiscale modelling approach to understand atherosclerosis formation: A patient-specific case study in the aortic bifurcation}},
    year = {2017},
    journal = {Proceedings of the Institution of Mechanical Engineers, Part H: Journal of Engineering in Medicine},
    author = {Alimohammadi, Mona and Pichardo-Almarza, C. and Agu, Obiekezie and D{\'{i}}az-Zuccarini, Vanessa},
    number = {5},
    month = {5},
    pages = {378--390},
    volume = {231},
    publisher = {SAGE PublicationsSage UK: London, England},
    url = {http://journals.sagepub.com/doi/10.1177/0954411917697356},
    doi = {10.1177/0954411917697356},
    issn = {20413033},
    pmid = {28427316},
    keywords = {Mathematical modelling, atherosclerosis, calcification, multiscale, patient-specific}
}

@article{Lusis2000,
    title = {{Atherosclerosis}},
    year = {2000},
    journal = {Nature},
    author = {Lusis, Aj},
    number = {6801},
    month = {9},
    pages = {233--241},
    volume = {407},
    publisher = {NIH Public Access},
    url = {http://www.ncbi.nlm.nih.gov/pubmed/11001066 http://www.pubmedcentral.nih.gov/articlerender.fcgi?artid=PMC2826222},
    isbn = {0028-0836 (Print){\textbackslash}r0028-0836 (Linking)},
    doi = {10.1038/35025203.Atherosclerosis},
    issn = {0028-0836},
    pmid = {11001066},
    arxivId = {NIHMS150003}
}

@article{Parton2016,
    title = {{Computational modelling of atherosclerosis}},
    year = {2016},
    journal = {Briefings in Bioinformatics},
    author = {Parton, Andrew and McGilligan, Victoria and O'Kane, Maurice and Baldrick, Francina R. and Watterson, Steven},
    number = {4},
    month = {7},
    pages = {562--575},
    volume = {17},
    publisher = {Oxford University Press},
    url = {https://academic.oup.com/bib/article-lookup/doi/10.1093/bib/bbv081},
    doi = {10.1093/bib/bbv081},
    issn = {14774054},
    pmid = {26438419},
    arxivId = {1510.01888},
    keywords = {Atherosclerosis, Cardiovascular disease, Cholesterol, Computational biology, Modeling, Systems biology}
}

@article{Alimohammadi2016,
    title = {{Development of a patient-specific multi-scale model to understand atherosclerosis and calcification locations: Comparison with in vivo data in an aortic dissection}},
    year = {2016},
    journal = {Frontiers in Physiology},
    author = {Alimohammadi, Mona and Pichardo-Almarza, C. and Agu, Obiekezie and D{\'{i}}az-Zuccarini, Vanessa},
    number = {JUN},
    month = {6},
    pages = {238},
    volume = {7},
    publisher = {Frontiers},
    url = {http://journal.frontiersin.org/Article/10.3389/fphys.2016.00238/abstract},
    doi = {10.3389/fphys.2016.00238},
    issn = {1664042X},
    pmid = {27445834},
    keywords = {Aortic dissection, Atherosclerosis, In vivo data, Mathematical modeling, Multiscale, Patient-specific}
}

@book{tortora2017introduction,
    title = {{Introduction to the human body}},
    year = {2017},
    author = {Tortora, Gerard J and Derrickson, Bryan H},
    publisher = {John Wiley {\&} Sons, Incorporated}
}

@book{aaronson2012cardiovascular,
    title = {{The cardiovascular system at a glance}},
    year = {2012},
    author = {Aaronson, Philip I and Ward, Jeremy P T and Connolly, Michelle J},
    publisher = {John Wiley {\&} Sons}
}

@article{Pichardo-Almarza2017,
    title = {{Understanding the effect of statins and patient adherence in atherosclerosis via a quantitative systems pharmacology model using a novel, hybrid, and multi-scale approach}},
    year = {2017},
    journal = {Frontiers in Pharmacology},
    author = {Pichardo-Almarza, C. and D{\'{i}}az-Zuccarini, Vanessa},
    number = {SEP},
    month = {9},
    pages = {635},
    volume = {8},
    publisher = {Frontiers},
    url = {http://journal.frontiersin.org/article/10.3389/fphar.2017.00635/full},
    doi = {10.3389/fphar.2017.00635},
    issn = {16639812},
    pmid = {28955237},
    keywords = {Atherosclerosis, Hybrid model, Multiscale modeling, Multiscale modelling, Patient adherence, Pharmacokinetics/Pharmacodynamics (PKPD), Pharmacokinetics/pharmacodynamics (PKPD), Quantitative Systems Pharmacology (QSP), Quantitative systems pharmacology (QSP), Statins, patient adherence}
}

@article{Roy2011AComputing,
    title = {{A comprehensive framework for verification, validation, and uncertainty quantification in scientific computing}},
    year = {2011},
    journal = {Computer Methods in Applied Mechanics and Engineering},
    author = {Roy, Christopher J. and Oberkampf, William L.},
    number = {25-28},
    month = {6},
    pages = {2131--2144},
    volume = {200},
    publisher = {North-Holland},
    url = {https://www.sciencedirect.com/science/article/pii/S0045782511001290},
    isbn = {978-1-60086-959-4},
    doi = {10.1016/j.cma.2011.03.016},
    issn = {00457825},
    keywords = {Computational simulation, Modeling, Uncertainty quantification, Validation, Verification}
}

@article{Schiavazzi2017AModeling,
    title = {{A generalized multi-resolution expansion for uncertainty propagation with application to cardiovascular modeling}},
    year = {2017},
    journal = {Computer Methods in Applied Mechanics and Engineering},
    author = {Schiavazzi, D E and Doostan, A and Iaccarino, G and Marsden, A L},
    month = {2},
    pages = {196--221},
    volume = {314},
    publisher = {NIH Public Access},
    url = {http://www.ncbi.nlm.nih.gov/pubmed/28845061 http://www.pubmedcentral.nih.gov/articlerender.fcgi?artid=PMC5568857},
    doi = {10.1016/j.cma.2016.09.024},
    issn = {00457825},
    pmid = {28845061},
    keywords = {Cardiovascular simulation, Multi-resolution stochastic expansion, Multi-scale models for cardiovascular flow, Relevance vector machines, Sparsity-promoting regression, Uncertainty quantification}
}

@article{Eck2016AApplications,
    title = {{A guide to uncertainty quantification and sensitivity analysis for cardiovascular applications}},
    year = {2016},
    journal = {International Journal for Numerical Methods in Biomedical Engineering},
    author = {Eck, Vinzenz Gregor and Donders, Wouter Paulus and Sturdy, Jacob and Feinberg, Jonathan and Delhaas, Tammo and Hellevik, Leif Rune and Huberts, Wouter},
    number = {8},
    month = {8},
    pages = {e02755},
    volume = {32},
    publisher = {Wiley-Blackwell},
    url = {http://doi.wiley.com/10.1002/cnm.2755},
    isbn = {2040-7947},
    doi = {10.1002/cnm.2755},
    issn = {20407947},
    pmid = {24459034},
    arxivId = {NIHMS150003},
    keywords = {Monte Carlo, arterial compliance, cardiovascular modeling, fractional flow reserve, polynomial chaos, sensitivity analysis, uncertainty quantification}
}

@article{Pant2014AAnalysis,
    title = {{A methodological paradigm for patient-specific multi-scale CFD simulations: From clinical measurements to parameter estimates for individual analysis}},
    year = {2014},
    journal = {International Journal for Numerical Methods in Biomedical Engineering},
    author = {Pant, S. and Fabr{\`{e}}ges, B. and Gerbeau, J. F. and Vignon-Clementel, I. E.},
    number = {12},
    month = {12},
    pages = {1614--1648},
    volume = {30},
    publisher = {Wiley-Blackwell},
    doi = {10.1002/cnm.2692},
    issn = {20407947},
    keywords = {Computational fluid dynamics, Lumped parameter models, Multi-scale modelling, Parameter estimation, Patient-specific simulations, Unscented Kalman filter}
}

@article{DiTomaso2015AArteries,
    title = {{A multiscale and Patient-specific computational framework of atherosclerosis formation and progression: A case study in the aorta and peripheral arteries}},
    year = {2015},
    journal = {Procedia Computer Science},
    author = {Di Tomaso, Giulia and Pichardo-Almarza, Cesar and Agu, Obiekezie and D{\'{i}}az-Zuccarini, Vanessa},
    number = {1},
    month = {1},
    pages = {1118--1127},
    volume = {51},
    publisher = {Elsevier Masson SAS},
    url = {https://www.sciencedirect.com/science/article/pii/S1877050915010893 http://www.sciencedirect.com/science/article/pii/S1877050915010893 http://dx.doi.org/10.1016/j.procs.2015.05.281},
    doi = {10.1016/j.procs.2015.05.281},
    issn = {18770509},
    keywords = {Atherosclerosis, Biochemical, CFD, Haemodynamics, LDL, Modelling, Multiscale, Patient-specific}
}

@article{Sousa2016AAdvances,
    title = {{A review of hemorheology: Measuring techniques and recent advances}},
    year = {2016},
    journal = {Korea Australia Rheology Journal},
    author = {Sousa, Patrícia C. and Pinho, Fernando T. and Alves, Manuel A. and Oliveira, Mónica S.N.},
    number = {1},
    pages = {1--22},
    volume = {28},
    doi = {10.1007/s13367-016-0001-z},
    issn = {20937660},
    keywords = {Blood viscoelasticity, Blood viscosity, Hemorheology, RBC aggregation, RBC deformability}
}

@misc{Zhou2019APressure,
    title = {{A review on low-dimensional physics-based models of systemic arteries: Application to estimation of central aortic pressure}},
    year = {2019},
    booktitle = {BioMedical Engineering Online},
    author = {Zhou, Shuran and Xu, Lisheng and Hao, Liling and Xiao, Hanguang and Yao, Yang and Qi, Lin and Yao, Yudong},
    number = {1},
    month = {12},
    pages = {41},
    volume = {18},
    publisher = {BioMed Central},
    url = {https://biomedical-engineering-online.biomedcentral.com/articles/10.1186/s12938-019-0660-3},
    doi = {10.1186/s12938-019-0660-3},
    issn = {1475925X},
    keywords = {0D model, 1D model, Central aortic pressure, Physics-based model, Systemic arteries, Tube-load model}
}

@article{Bonfanti2018AInteraction,
    title = {{A simplified method to account for wall motion in patient-specific blood flow simulations of aortic dissection: Comparison with fluid-structure interaction}},
    year = {2018},
    journal = {Medical Engineering and Physics},
    author = {Bonfanti, Mirko and Balabani, Stavroula and Alimohammadi, Mona and Agu, Obiekezie and Homer-Vanniasinkam, Shervanthi and D{\'{i}}az-Zuccarini, Vanessa},
    number = {0},
    month = {5},
    pages = {0--1},
    volume = {9},
    publisher = {Elsevier},
    url = {http://www.ncbi.nlm.nih.gov/pubmed/29759947 www.elsevier.com/locate/medengphy https://www.sciencedirect.com/science/article/pii/S1350453318300742?via%3Dihub},
    doi = {10.1016/j.medengphy.2018.04.014},
    issn = {18734030},
    pmid = {29759947},
    keywords = {Aortic dissection, Blood flow, Compliant model, Computational fluid dynamics (CFD), Fluid-structure interaction (FSI), Moving boundary, Windkessel model}
}

@article{Moosavi2018AModels,
    title = {{A state-space approach to analyze structural uncertainty in physical models}},
    year = {2018},
    journal = {Metrologia},
    author = {Moosavi, Azam and Sandu, Adrian},
    number = {1},
    pages = {S1-S12},
    volume = {55},
    doi = {10.1088/1681-7575/aa8f53},
    issn = {16817575},
    keywords = {state space models, structural uncertainty, uncertainty}
}

@article{Sokolova2009ATasks,
    title = {{A systematic analysis of performance measures for classification tasks}},
    year = {2009},
    journal = {Information Processing and Management},
    author = {Sokolova, Marina and Lapalme, Guy},
    number = {4},
    month = {7},
    pages = {427--437},
    volume = {45},
    publisher = {Pergamon},
    url = {https://www.sciencedirect.com/science/article/pii/S0306457309000259},
    doi = {10.1016/j.ipm.2009.03.002},
    issn = {03064573},
    keywords = {Machine Learning, Performance evaluation, Text classification}
}

@article{Saez2015AWaveforms,
    title = {{A theoretical model of the endothelial cell morphology due to different waveforms}},
    year = {2015},
    journal = {Journal of Theoretical Biology},
    author = {S{\'{a}}ez, P. and Malv{\`{e}}, M. and Mart{\'{i}}nez, M. A.},
    month = {8},
    pages = {16--23},
    volume = {379},
    url = {http://linkinghub.elsevier.com/retrieve/pii/S0022519315002209},
    isbn = {1095-8541 (Electronic){\textbackslash}r0022-5193 (Linking)},
    doi = {10.1016/j.jtbi.2015.04.038},
    issn = {10958541},
    pmid = {25956359},
    keywords = {CFD, Endothelial cells, Remodeling}
}

@article{Brown2012AccuracyClinic,
    title = {{Accuracy vs. computational time: Translating aortic simulations to the clinic}},
    year = {2012},
    journal = {Journal of Biomechanics},
    author = {Brown, Alistair G. and Shi, Yubing and Marzo, Alberto and Staicu, Cristina and Valverde, Isra and Beerbaum, Philipp and Lawford, Patricia V. and Hose, D. Rodney},
    number = {3},
    month = {2},
    pages = {516--523},
    volume = {45},
    publisher = {Elsevier},
    url = {https://www.sciencedirect.com/science/article/pii/S0021929011007238?via%3Dihub},
    doi = {10.1016/j.jbiomech.2011.11.041},
    issn = {00219290},
    keywords = {Aorta, Computational fluid dynamics (CFD), Fluid structure interaction (FSI), Haemodynamics}
}

@article{Warboys2010AcuteMacromolecules,
    title = {{Acute and chronic exposure to shear stress have opposite effects on endothelial permeability to macromolecules}},
    year = {2010},
    journal = {AJP: Heart and Circulatory Physiology},
    author = {Warboys, Christina M. and Eric Berson, R. and Mann, Giovanni E. and Pearson, Jeremy D. and Weinberg, Peter D.},
    number = {6},
    month = {6},
    pages = {H1850-H1856},
    volume = {298},
    publisher = {American Physiological Society Bethesda, MD},
    url = {http://www.physiology.org/doi/10.1152/ajpheart.00114.2010 http://ajpheart.physiology.org/cgi/doi/10.1152/ajpheart.00114.2010},
    isbn = {0363-6135},
    doi = {10.1152/ajpheart.00114.2010},
    issn = {0363-6135},
    pmid = {20363882},
    keywords = {endothelium, hemodynamics, mass transport, mitosis, nitric oxide}
}

@article{Parker2009AnAnalysis,
    title = {{An introduction to wave intensity analysis}},
    year = {2009},
    journal = {Medical and Biological Engineering and Computing},
    author = {Parker, Kim H.},
    number = {2},
    pages = {175--188},
    volume = {47},
    doi = {10.1007/s11517-009-0439-y},
    issn = {01400118}
}

@article{Birchall2006AnalysisDynamics,
    title = {{Analysis of haemodynamic disturbance in the atherosclerotic carotid artery using computational fluid dynamics}},
    year = {2006},
    journal = {European Radiology},
    author = {Birchall, Daniel and Zaman, Azfar and Hacker, Jacob and Davies, Gavin and Mendelow, David},
    number = {5},
    month = {4},
    pages = {1074--1083},
    volume = {16},
    publisher = {Springer-Verlag},
    url = {http://link.springer.com/10.1007/s00330-005-0048-6},
    isbn = {1748-880X (Electronic){\textbackslash}r0007-1285 (Linking)},
    doi = {10.1007/s00330-005-0048-6},
    issn = {09387994},
    pmid = {16402252},
    keywords = {Atherosclerosis, Carotid arteries, Computers, Haemodynamics}
}

@article{Alimohammadi2015AorticModels,
    title = {{Aortic dissection simulation models for clinical support: Fluid-structure interaction vs. rigid wall models}},
    year = {2015},
    journal = {BioMedical Engineering Online},
    author = {Alimohammadi, Mona and Sherwood, Joseph M and Karimpour, Morad and Agu, Obiekezie and Balabani, Stavroula and D{\'{i}}az-Zuccarini, Vanessa},
    number = {1},
    month = {12},
    pages = {34},
    volume = {14},
    publisher = {BioMed Central},
    url = {http://www.biomedical-engineering-online.com/content/14/1/34},
    isbn = {1475-925X (Electronic){\textbackslash}r1475-925X (Linking)},
    doi = {10.1186/s12938-015-0032-6},
    issn = {1475925X},
    pmid = {25881252},
    keywords = {AD, Aortic dissection, FSI, Fluid-structure interaction, Intimal flap}
}

@phdthesis{Alimohammadi2015AorticUnderstanding,
    title = {{Aortic dissection: simulation tools for disease management and understanding}},
    year = {2015},
    booktitle = {Doctoral thesis, UCL (University College London).},
    author = {Alimohammadi, Mona},
    number = {March},
    month = {11},
    publisher = {UCL (University College London)},
    url = {http://discovery.ucl.ac.uk/1472116/},
    school = {University College London}
}

@article{Saouti2012AorticCushion,
    title = {{Aortic function quantified: The heart's essential cushion}},
    year = {2012},
    journal = {Journal of Applied Physiology},
    author = {Saouti, Nabil and Marcus, J. Tim and Vonk Noordegraaf, Anton and Westerhof, Nico},
    number = {8},
    month = {10},
    pages = {1285--1291},
    volume = {113},
    publisher = {American Physiological Society Bethesda, MD},
    url = {https://www.physiology.org/doi/10.1152/japplphysiol.00432.2012},
    doi = {10.1152/japplphysiol.00432.2012},
    issn = {87507587},
    keywords = {Aorta, Cardiovascular, Compliance, Human, MRI}
}

@article{Pathmanathan2017ApplicabilityModels,
    title = {{Applicability Analysis of Validation Evidence for Biomedical Computational Models}},
    year = {2017},
    journal = {Journal of Verification, Validation and Uncertainty Quantification},
    author = {Pathmanathan, Pras and Gray, Richard A. and Romero, Vicente J. and Morrison, Tina M.},
    number = {2},
    month = {9},
    pages = {021005},
    volume = {2},
    publisher = {American Society of Mechanical Engineers},
    url = {http://verification.asmedigitalcollection.asme.org/article.aspx?doi=10.1115/1.4037671},
    doi = {10.1115/1.4037671},
    issn = {2377-2158},
    keywords = {Biomedicine, Computer simulation, Simulation, stents}
}

@book{NationalAcademyofSciences2012AssessingModels,
    title = {{Assessing the Reliability of Complex Models}},
    year = {2012},
    booktitle = {Division on Engineering and Physical Sciences},
    author = {{National Academy of Sciences}},
    pages = {145},
    url = {http://www.nap.edu/catalog.php?record_id=13395 http://books.google.com/books?hl=en&lr=&id=ZD4ZCbxabbQC&oi=fnd&pg=PR1&dq=Assessing+the+Reliability+of+Complex+Models:+Mathematical+and+Statistical+Foundations+of+Verification,+Validation,+and+Uncertainty+Quan},
    isbn = {978-0-309-25634-6},
    doi = {10.17226/13395},
    issn = {9780309256346}
}

@article{Steinman2012AssumptionsHemodynamics,
    title = {{Assumptions in modelling of large artery hemodynamics}},
    year = {2012},
    journal = {Modeling, Simulation and Applications},
    author = {Steinman, David A.},
    pages = {1--18},
    volume = {5},
    isbn = {9788847019348},
    doi = {10.1007/978-88-470-1935-5{\_}1},
    issn = {20375255}
}

@article{Cheng2006AtheroscleroticStress,
    title = {{Atherosclerotic lesion size and vulnerability are determined by patterns of fluid shear stress}},
    year = {2006},
    journal = {Circulation},
    author = {Cheng, Caroline and Tempel, Dennie and Van Haperen, Rien and Van Der Baan, Arjen and Grosveld, Frank and Daemen, Mat J.A.P. and Krams, Rob and De Crom, Rini},
    number = {23},
    pages = {2744--2753},
    volume = {113},
    url = {http://www.circulationaha.org},
    isbn = {1524-4539 (Electronic){\textbackslash}n0009-7322 (Linking)},
    doi = {10.1161/CIRCULATIONAHA.105.590018},
    issn = {00097322},
    pmid = {16754802},
    keywords = {Atherosclerosis, Hemodynamics, Inflammation, Mechanical stress, Plaque}
}

@article{Kennedy2001BayesianModels,
    title = {{Bayesian calibration of computer models}},
    year = {2001},
    journal = {Journal of the Royal Statistical Society},
    author = {Kennedy, MC and O'Hagan, A},
    number = {3},
    pages = {425--464},
    volume = {63},
    url = {http://onlinelibrary.wiley.com/doi/10.1111/1467-9868.00294/abstract},
    keywords = {calibration, computer experiments, deterministic models, gaussian process, interpolation, model inadequacy, sensitivity analysis, uncertainty analysis}
}

@article{Chang2015BayesianEmulator,
    title = {{Bayesian sensitivity analysis of a cardiac cell model using a Gaussian process emulator}},
    year = {2015},
    journal = {PLoS ONE},
    author = {Chang, Eugene T Y and Strong, Mark and Clayton, Richard H.},
    number = {6},
    pages = {10},
    volume = {10},
    url = {http://eprints.whiterose.ac.uk/87842},
    doi = {10.1371/journal.pone.0130252},
    issn = {19326203},
    pmid = {26114610}
}

@article{Polzer2015BiomechanicalIndex,
    title = {{Biomechanical rupture risk assessment of abdominal aortic aneurysms based on a novel probabilistic rupture risk index}},
    year = {2015},
    journal = {Journal of the Royal Society Interface},
    author = {Polzer, Stanislav and Gasser, T. Christian},
    number = {113},
    volume = {12},
    url = {http://dx.doi.org/10.1098/rsif.2015.0852orviahttp://rsif.royalsocietypublishing.org.},
    isbn = {1742-5689},
    doi = {10.1098/rsif.2015.0852},
    issn = {17425662},
    pmid = {26631334},
    keywords = {Abdominal aortic aneurysm, Failure, Model finite element, Uncertainty, Wall stress}
}

@book{Fung1997BiomechanicsCirculation,
    title = {{Biomechanics : circulation}},
    year = {1997},
    author = {Fung, Y. C. (Yuan-cheng)},
    pages = {571},
    publisher = {Springer},
    isbn = {0387943846}
}

@incollection{Figueroa2017BloodFlow,
    title = {{Blood Flow}},
    year = {2017},
    booktitle = {Encyclopedia of Computational Mechanics, Second Edition},
    author = {Figueroa, C. Alberto and Taylor, Charles A. and Marsden, Alison L.},
    number = {2},
    pages = {143--143},
    volume = {12},
    url = {http://bloodflow.engin.umich.edu/wp-content/uploads/sites/165/2018/02/Blood-Flow-ECM.pdf},
    isbn = {9781119176817},
    doi = {10.1002/9781119176817.ecm2068}
}

@article{Ku1997BloodArteries,
    title = {{Blood Flow in Arteries}},
    year = {1997},
    journal = {Annual Review of Fluid Mechanics},
    author = {Ku, David N},
    number = {1},
    pages = {399--434},
    volume = {29},
    url = {www.annualreviews.org http://www.annualreviews.org/doi/10.1146/annurev.fluid.29.1.399},
    isbn = {0066-4189},
    doi = {10.1146/annurev.fluid.29.1.399},
    issn = {0066-4189},
    pmid = {1748629},
    arxivId = {arXiv:1011.1669v3}
}

@article{Tomaiuolo2016BloodFlow,
    title = {{Blood linear viscoelasticity by small amplitude oscillatory flow}},
    year = {2016},
    journal = {Rheologica Acta},
    author = {Tomaiuolo, Giovanna and Carciati, Antonio and Caserta, Sergio and Guido, Stefano},
    number = {6},
    pages = {485--495},
    volume = {55},
    publisher = {Rheologica Acta},
    url = {http://dx.doi.org/10.1007/s00397-015-0894-3},
    doi = {10.1007/s00397-015-0894-3},
    issn = {00354511},
    keywords = {Blood, Loss modulus, Oscillatory, Storage modulus, Viscoelasticity}
}

@incollection{DongenF.N.vandeVosse2003CardiovascularMechanics,
    title = {{Cardiovascular Fluid Mechanics}},
    year = {2003},
    booktitle = {Cardiovascular Fluid Mechanics},
    author = {Dongen, F.N. van de Vosse, M.E.H. Van},
    url = {http://www.mate.tue.nl/people/vosse/docs/cardio.pdf},
    isbn = {978-3-211-00538-5},
    doi = {10.1007/978-3-7091-2542-7},
    issn = {1098-6596},
    pmid = {25246403},
    arxivId = {arXiv:1011.1669v3}
}

@article{Hose2019CardiovascularNext,
    title = {{Cardiovascular models for personalised medicine: Where now and where next?}},
    year = {2019},
    journal = {Medical Engineering {\&} Physics},
    author = {Hose, D. Rodney and Lawford, Patricia V. and Huberts, Wouter and Hellevik, Leif Rune and Omholt, Stig W. and van de Vosse, Frans N.},
    month = {10},
    pages = {38--48},
    volume = {72},
    publisher = {Elsevier},
    url = {https://www.sciencedirect.com/science/article/pii/S1350453319301626?via%3Dihub#bib0079},
    doi = {10.1016/j.medengphy.2019.08.007},
    issn = {13504533}
}

@misc{Xiang2014CFD:Assessment,
    title = {{CFD: Computational fluid dynamics or confounding factor dissemination? the role of hemodynamics in intracranial aneurysm rupture risk assessment}},
    year = {2014},
    booktitle = {American Journal of Neuroradiology},
    author = {Xiang, J. and Tutino, V. M. and Snyder, K. V. and Meng, H.},
    number = {10},
    pages = {1849--1857},
    volume = {35},
    url = {http://dx.doi.org/10.3174/ajnr.A3710 www.ajnr.org},
    doi = {10.3174/ajnr.A3710},
    issn = {1936959X}
}

@article{Andersson2019CharacterizationFlow,
    title = {{Characterization and estimation of turbulence-related wall shear stress in patient-specific pulsatile blood flow}},
    year = {2019},
    journal = {Journal of Biomechanics},
    author = {Andersson, Magnus and Ebbers, Tino and Karlsson, Matts},
    month = {3},
    pages = {108--117},
    volume = {85},
    publisher = {Elsevier},
    url = {https://www.sciencedirect.com/science/article/pii/S0021929019300508},
    doi = {10.1016/j.jbiomech.2019.01.016},
    issn = {18732380},
    keywords = {Anisotropy invariant map, Aortic coarctation, Computational fluid dynamics, Disturbed hemodynamics, Near-wall surrogate markers}
}

@article{Bojke2009CharacterizingMethods,
    title = {{Characterizing structural uncertainty in decision analytic models: A review and application of methods}},
    year = {2009},
    journal = {Value in Health},
    author = {Bojke, Laura and Claxton, Karl and Sculpher, Mark and Palmer, Stephen},
    number = {5},
    pages = {739--749},
    volume = {12},
    publisher = {International Society for Pharmacoeconomics and Outcomes Research (ISPOR)},
    url = {http://dx.doi.org/10.1111/j.1524-4733.2008.00502.x},
    isbn = {1524-4733 (Electronic){\textbackslash}r1098-3015 (Linking)},
    doi = {10.1111/j.1524-4733.2008.00502.x},
    issn = {15244733},
    pmid = {19508655},
    keywords = {Decision analysis, Model structure, Uncertainty}
}

@misc{Robertson2012ComputationalCritical,
    title = {{Computational fluid dynamics in aneurysm research: Critical}},
    year = {2012},
    booktitle = {American Journal of Neuroradiology},
    author = {Robertson, A. M. and Watton, P. N.},
    number = {6},
    month = {6},
    pages = {992--995},
    volume = {33},
    doi = {10.3174/ajnr.A3192},
    issn = {01956108}
}

@article{Morris2016ComputationalMedicine,
    title = {{Computational fluid dynamics modelling in cardiovascular medicine}},
    year = {2016},
    journal = {Heart},
    author = {Morris, Paul D and Narracott, Andrew and Von Tengg-Kobligk, Hendrik and Soto, Daniel Alejandro Silva and Hsiao, Sarah and Lungu, Angela and Evans, Paul and Bressloff, Neil W and Lawford, Patricia V and Rodney Hose, D. and Gunn, Julian P},
    number = {1},
    month = {1},
    pages = {18--28},
    volume = {102},
    publisher = {BMJ Publishing Group Ltd and British Cardiovascular Society},
    url = {http://www.ncbi.nlm.nih.gov/pubmed/26512019 http://www.pubmedcentral.nih.gov/articlerender.fcgi?artid=PMC4717410},
    isbn = {1355-6037},
    doi = {10.1136/heartjnl-2015-308044},
    issn = {1468201X},
    pmid = {26512019}
}

@book{Blazek2015ComputationalEdition,
    title = {{Computational Fluid Dynamics: Principles and Applications: Third Edition}},
    year = {2015},
    booktitle = {Computational Fluid Dynamics: Principles and Applications: Third Edition},
    author = {Blazek, Jiri},
    pages = {1--447},
    isbn = {9780128011720},
    doi = {10.1016/C2013-0-19038-1}
}

@article{Karmonik2008ComputationalRates,
    title = {{Computational hemodynamics in the human aorta: A computational fluid dynamics study of three cases with patient-specific geometries and inflow rates}},
    year = {2008},
    journal = {Technology and Health Care},
    author = {Karmonik, C and Bismuth, J X and Davies, M G and Lumsden, A B},
    number = {5},
    pages = {343--354},
    volume = {16},
    url = {http://www.ncbi.nlm.nih.gov/pubmed/19126973},
    isbn = {0928-7329},
    issn = {0928-7329},
    pmid = {19126973},
    keywords = {Aorta, Aorta: pathology, Aorta: physiopathology, Blood Flow Velocity, Cardiovascular, Computational Biology, Computer Simulation, Hemodynamics, Humans, Magnetic Resonance Imaging, Models, Retrospective Studies, Vascular Diseases, Vascular Diseases: pathology, Vascular Diseases: physiopathology}
}

@article{Olgac2008ComputationalStress,
    title = {{Computational modeling of coupled blood-wall mass transport of LDL: effects of local wall shear stress}},
    year = {2008},
    journal = {AJP: Heart and Circulatory Physiology},
    author = {Olgac, Ufuk and Kurtcuoglu, Vartan and Poulikakos, Dimos},
    number = {2},
    month = {2},
    pages = {H909-H919},
    volume = {294},
    publisher = {American Physiological Society},
    url = {http://www.physiology.org/doi/10.1152/ajpheart.01082.2007 http://ajpheart.physiology.org/cgi/doi/10.1152/ajpheart.01082.2007},
    doi = {10.1152/ajpheart.01082.2007},
    issn = {0363-6135},
    pmid = {18083898},
    keywords = {atherosclerosis, leaky junction, lipid accumulation, low-density lipoprotein transport}
}

@article{Sun2009ComputationalArtery.,
    title = {{Computational modeling of LDL and albumin transport in an in vivo CT image-based human right coronary artery.}},
    year = {2009},
    journal = {Journal of biomechanical engineering},
    author = {Sun, Nanfeng and Torii, Ryo and Wood, Nigel B. and Hughes, Alun D. and Thom, Simon A. M. and Xu, X. Yun},
    number = {2},
    month = {2},
    pages = {021003},
    volume = {131},
    publisher = {American Society of Mechanical Engineers},
    url = {http://biomechanical.asmedigitalcollection.asme.org/article.aspx?articleid=1475632},
    isbn = {0148-0731},
    doi = {10.1115/1.3005161},
    issn = {01480731},
    pmid = {19102562},
    keywords = {arterial mass transport, atherosclerosis, right coronary, wall shear stress}
}

@article{Bonfanti2017ComputationalData,
    title = {{Computational tools for clinical support: A multi-scale compliant model for haemodynamic simulations in an aortic dissection based on multi-modal imaging data}},
    year = {2017},
    journal = {Journal of the Royal Society Interface},
    author = {Bonfanti, Mirko and Balabani, Stavroula and Greenwood, John P and Puppala, Sapna and Homer-Vanniasinkam, Shervanthi and D{\'{i}}az-Zuccarini, Vanessa},
    number = {136},
    month = {11},
    pages = {20170632},
    volume = {14},
    publisher = {The Royal Society},
    url = {http://www.ncbi.nlm.nih.gov/pubmed/29118115 http://www.pubmedcentral.nih.gov/articlerender.fcgi?artid=PMC5721167},
    doi = {10.1098/rsif.2017.0632},
    issn = {17425662},
    pmid = {29118115},
    keywords = {Aortic dissection, Computational fluid dynamics, Fluid-structure interaction, Moving boundary, Patient-specific simulation, Windkessel model}
}

@article{Clarion2018ContemporaryRheology,
    title = {{Contemporary modeling and analysis of steady state and transient human blood rheology}},
    year = {2018},
    journal = {Rheologica Acta},
    author = {Clarion, Michael and Deegan, Michael and Helton, Tyler and Hudgins, Jesse and Monteferrante, Nick and Ousley, Evan and Armstrong, Matthew},
    number = {2},
    pages = {141--168},
    volume = {57},
    publisher = {Rheologica Acta},
    isbn = {9781510857971},
    doi = {10.1007/s00397-017-1062-8},
    issn = {00354511},
    keywords = {Blood, Constitutive modeling, Large-amplitude oscillatory shear, Thixotropy, Transient rheology}
}

@misc{Saremi2015CoronaryCT,
    title = {{Coronary plaque characterization using CT}},
    year = {2015},
    booktitle = {American Journal of Roentgenology},
    author = {Saremi, Farhood and Achenbach, Stephan},
    number = {3},
    month = {3},
    pages = {W249-W260},
    volume = {204},
    publisher = {American Roentgen Ray Society},
    url = {http://www.ajronline.org/doi/10.2214/AJR.14.13760},
    doi = {10.2214/AJR.14.13760},
    issn = {15463141},
    pmid = {25714309},
    keywords = {Cardiac CT, Coronary CT angiography (CTA), Coronary plaque, Plaque characterization}
}

@article{Levesque1986CorrelationAorta,
    title = {{Correlation of endothelial cell shape and wall shear stress in a stenosed dog aorta}},
    year = {1986},
    journal = {Arteriosclerosis, Thrombosis, and Vascular Biology},
    author = {Levesque, M. J. and Liepsch, D. and Moravec, S. and Nerem, R. M.},
    number = {2},
    pages = {220--229},
    volume = {6},
    url = {http://atvb.ahajournals.org/cgi/doi/10.1161/01.ATV.6.2.220},
    doi = {10.1161/01.ATV.6.2.220},
    issn = {1079-5642},
    pmid = {3954676}
}

@inproceedings{Gabriel2014Deposition-drivenModelling,
    title = {{Deposition-driven growth in atherosclerosis modelling}},
    year = {2014},
    booktitle = {19th Australasian Fluid Mechanics Conference},
    author = {Gabriel, Sargon and Ding, Y and Feng, Y and Gear, JA A},
    pages = {1--5},
    url = {https://people.eng.unimelb.edu.au/imarusic/proceedings/19/99.pdf http://www.researchgate.net/profile/Sargon_Gabriel/publication/269972598_Deposition-driven_Growth_in_Atherosclerosis_Modelling/links/54b326a40cf28ebe92e2df37.pdf},
    isbn = {978-0-646-59695-2}
}

@article{Alimohammadi2014DevelopmentConditions,
    title = {{Development of a patient-specific simulation tool to analyse aortic dissections: Assessment of mixed patient-specific flow and pressure boundary conditions}},
    year = {2014},
    journal = {Medical Engineering {\&} Physics},
    author = {Alimohammadi, Mona and Agu, Obiekezie and Balabani, Stavroula and D{\'{i}}az-Zuccarini, Vanessa},
    number = {3},
    month = {3},
    pages = {275--284},
    volume = {36},
    url = {http://linkinghub.elsevier.com/retrieve/pii/S1350453313002452},
    isbn = {1350-4533},
    doi = {10.1016/j.medengphy.2013.11.003},
    issn = {13504533},
    pmid = {24290844},
    keywords = {Aortic dissection, Blood flow, CFD, Patient-specific simulation, Windkessel model}
}

@phdthesis{DiTomaso2014DevelopmentAtherosclerosis,
    title = {{Development of an in silico methodology for the multiscale modelling of atherosclerosis}},
    year = {2014},
    author = {Di Tomaso, Giulia},
    number = {September},
    url = {http://discovery.ucl.ac.uk/1447838/1/Giulia_Di_Tomaso_PhDthesis.pdf.REDACTED.pdf http://discovery.ucl.ac.uk/id/eprint/1447838%5Cnhttp://ethos.bl.uk/OrderDetails.do?uin=uk.bl.ethos.631827},
    school = {University College London}
}

@article{Maurovich-Horvat2012DifferentiationHearts,
    title = {{Differentiation of Early from Advanced Coronary Atherosclerotic Lesions: Systematic Comparison of CT, Intravascular US, and Optical Frequency Domain Imaging with Histopathologic Examination in ex Vivo Human Hearts}},
    year = {2012},
    journal = {Radiology},
    author = {Maurovich-Horvat, Pál and Schlett, Christopher L and Alkadhi, Hatem and Nakano, Masataka and Stolzmann, Paul and Vorpahl, Marc and Scheffel, Hans and Tanaka, Atsushi and Warger, William C. and Maehara, Akiko and Ma, Shixin and Kriegel, Matthias F and Kaple, Ryan K. and Seifarth, Harald and Bamberg, Fabian and Mintz, Gary S. and Tearney, Guillermo J and Virmani, Renu and Hoffmann, Udo},
    number = {2},
    pages = {393--401},
    volume = {265},
    url = {http://radiology.rsna.org/lookup/suppl/doi:10.1148/radiol.12111891/-/DC1 http://pubs.rsna.org/doi/10.1148/radiol.12111891},
    doi = {10.1148/radiol.12111891},
    issn = {0033-8419},
    pmid = {23012461}
}

@book{Gonzalez2003DigitalMATLAB,
    title = {{Digital Image Processing Using MATLAB}},
    year = {2003},
    author = {Gonzalez, Rafael C. and Woods, Richard E and Eddins, Steven L.},
    pages = {624},
    publisher = {Tata McGraw Hill Education},
    isbn = {0130085197}
}

@misc{Peiffer2013DoesReview,
    title = {{Does low and oscillatory wall shear stress correlate spatially with early atherosclerosis? A systematic review}},
    year = {2013},
    booktitle = {Cardiovascular Research},
    author = {Peiffer, Véronique and Sherwin, Spencer J. and Weinberg, Peter D.},
    number = {2},
    month = {7},
    pages = {242--250},
    volume = {99},
    publisher = {Oxford University Press},
    url = {https://academic.oup.com/cardiovascres/article-lookup/doi/10.1093/cvr/cvt044},
    isbn = {1755-3245 (Electronic){\textbackslash}r0008-6363 (Linking)},
    doi = {10.1093/cvr/cvt044},
    issn = {00086363},
    pmid = {23459102},
    arxivId = {NIHMS150003},
    keywords = {Arterial disease, Atherosclerosis, Blood flow, Haemodynamics, Shear stress}
}

@misc{Steinman2018Editorial:Utility,
    title = {{Editorial: Special Issue on Verification, Validation, and Uncertainty Quantification of Cardiovascular Models: Towards Effective VVUQ for Translating Cardiovascular Modelling to Clinical Utility}},
    year = {2018},
    booktitle = {Cardiovascular Engineering and Technology},
    author = {Steinman, David A. and Migliavacca, Francesco},
    number = {4},
    month = {11},
    pages = {539--543},
    volume = {9},
    publisher = {Springer US},
    url = {http://link.springer.com/10.1007/s13239-018-00393-z},
    doi = {10.1007/s13239-018-00393-z},
    issn = {18694098}
}

@techreport{PeifferEffectAge,
    title = {{Effect of aortic taper on patterns of blood flow and wall shear stress in rabbits: association with age}},
    author = {Peiffer, Véronique and Rowland, Ethan M and Cremers, Stephanie G and Weinberg, Peter D. and Sherwin, Spencer J},
    url = {https://spiral.imperial.ac.uk/bitstream/10044/1/14762/2/Atherosclerosis_223_1_2012.pdf},
    keywords = {Age, Aorta, Atherosclerosis, Computational Fluid Dynamics, Haemodynamics, Rabbit, Shear stress}
}

@article{Stone2003EffectStudy,
    title = {{Effect of endothelial shear stress on the progression of coronary artery disease, vascular remodeling, and in-stent restenosis in humans: In vivo 6-month follow-up study}},
    year = {2003},
    journal = {Circulation},
    author = {Stone, Peter H. and Coskun, Ahmet U. and Kinlay, Scott and Clark, Maureen E. and Sonka, Milan and Wahle, Andreas and Ilegbusi, Olusegun J. and Yeghiazarians, Yerem and Popma, Jeffrey J. and Orav, John and Kuntz, Richard E. and Feldman, Charles L.},
    number = {4},
    pages = {438--444},
    volume = {108},
    url = {http://www.circulationaha.org},
    isbn = {1524-4539},
    doi = {10.1161/01.CIR.0000080882.35274.AD},
    issn = {00097322},
    pmid = {12860915},
    keywords = {Atherosclerosis, Coronary disease, Endothelium, Shear stress}
}

@article{Kang2014EffectMonolayers,
    title = {{Effect of shear stress on water and LDL transport through cultured endothelial cell monolayers}},
    year = {2014},
    journal = {Atherosclerosis},
    author = {Kang, Hongyan and Cancel, Limary M. and Tarbell, John M.},
    number = {2},
    month = {4},
    pages = {682--690},
    volume = {233},
    publisher = {NIH Public Access},
    url = {http://www.ncbi.nlm.nih.gov/pubmed/24583416 http://www.pubmedcentral.nih.gov/articlerender.fcgi?artid=PMC3979984 http://www.ncbi.nlm.nih.gov/pubmed/24583416%0Ahttp://ac.els-cdn.com/S0021915014000835/1-s2.0-S0021915014000835-main.pdf?_tid=f809427c-26a6-11e},
    isbn = {1879-1484 (Electronic) 0021-9150 (Linking)},
    doi = {10.1016/j.atherosclerosis.2014.01.056},
    issn = {18791484},
    pmid = {24583416},
    arxivId = {NIHMS150003},
    keywords = {Bovine aortic endothelial cells, LDL permeability, Leaky junctions, Shear stress, Water flux}
}

@article{CillaHernandez2015EffectDevelopment,
    title = {{Effect of Transmural Transport Properties on Atheroma Plaque Formation and Development}},
    year = {2015},
    journal = {Annals of Biomedical Engineering},
    author = {Cilla Hern{\'{a}}ndez, Myriam and Mart{\'{i}}nez, M. A. and Pe{\~{n}}a, E.},
    number = {7},
    pages = {1516--1530},
    volume = {43},
    url = {https://link.springer.com/content/pdf/10.1007%2Fs10439-015-1299-2.pdf},
    isbn = {0090-6964},
    doi = {10.1007/s10439-015-1299-2},
    issn = {15739686},
    pmid = {25814436},
    keywords = {Atheroma plaque, Convection–diffusion–reaction equations, Growth, LDL transport}
}

@article{Eck2017EffectsPredictions,
    title = {{Effects of arterial wall models and measurement uncertainties on cardiovascular model predictions}},
    year = {2017},
    journal = {Journal of Biomechanics},
    author = {Eck, Vinzenz Gregor and Sturdy, J. and Hellevik, Leif Rune},
    month = {1},
    pages = {188--194},
    volume = {50},
    publisher = {Elsevier},
    url = {https://www.sciencedirect.com/science/article/pii/S0021929016312210?via%3Dihub},
    doi = {10.1016/J.JBIOMECH.2016.11.042},
    issn = {0021-9290}
}

@article{Chiu2011EffectsPerspectives,
    title = {{Effects of Disturbed Flow on Vascular Endothelium: Pathophysiological Basis and Clinical Perspectives}},
    year = {2011},
    journal = {Physiological Reviews},
    author = {Chiu, J.-J. and Chien, Shu},
    number = {1},
    month = {1},
    pages = {327--387},
    volume = {91},
    publisher = {American Physiological Society Bethesda, MD},
    url = {http://www.physiology.org/doi/10.1152/physrev.00047.2009 http://physrev.physiology.org/cgi/doi/10.1152/physrev.00047.2009},
    isbn = {1021-7770},
    doi = {10.1152/physrev.00047.2009},
    issn = {0031-9333},
    pmid = {24410814}
}

@article{Cho1991EffectsFlows,
    title = {{Effects of the non-Newtonian viscosity of blood on flows in a diseased arterial vessel. Part 1: Steady flows}},
    year = {1991},
    journal = {Biorheology},
    author = {Cho, Y I and Kensey, K R},
    number = {3-4},
    pages = {241--262},
    volume = {28},
    url = {http://www.ncbi.nlm.nih.gov/pubmed/1932716},
    isbn = {0006-355X (Print)},
    doi = {10.3233/BIR-1991-283-415},
    issn = {0006355X},
    pmid = {1932716}
}

@article{Sun2007EffectsModel,
    title = {{Effects of transmural pressure and wall shear stress on LDL accumulation in the arterial wall: a numerical study using a multilayered model}},
    year = {2007},
    journal = {AJP: Heart and Circulatory Physiology},
    author = {Sun, Nanfeng and Wood, Nigel B. and Hughes, Alun D. and Thom, Simon A. M. and Yun Xu, X.},
    number = {6},
    month = {6},
    pages = {H3148-H3157},
    volume = {292},
    publisher = {American Physiological Society},
    url = {http://www.physiology.org/doi/10.1152/ajpheart.01281.2006 http://ajpheart.physiology.org/cgi/doi/10.1152/ajpheart.01281.2006},
    doi = {10.1152/ajpheart.01281.2006},
    issn = {0363-6135},
    pmid = {17277019},
    keywords = {atherosclerosis, hypertension, lipid accumulation, low-desity lipoprotein transport}
}

@article{Chen2019EfficientAnalysis,
    title = {{Efficient method for variance-based sensitivity analysis}},
    year = {2019},
    journal = {Reliability Engineering and System Safety},
    author = {Chen, Xin and Molina-Crist{\'{o}}bal, Arturo and Guenov, Marin D. and Riaz, Atif},
    month = {1},
    pages = {97--115},
    volume = {181},
    publisher = {Elsevier},
    url = {https://www.sciencedirect.com/science/article/pii/S095183201731476X},
    doi = {10.1016/j.ress.2018.06.016},
    issn = {09518320}
}

@article{Pathmanathan2013EnsuringModels,
    title = {{Ensuring reliability of safety-critical clinical applications of computational cardiac models}},
    year = {2013},
    journal = {Frontiers in Physiology},
    author = {Pathmanathan, Pras and Gray, Richard A.},
    month = {12},
    pages = {358},
    volume = {4 DEC},
    publisher = {Frontiers},
    url = {http://journal.frontiersin.org/article/10.3389/fphys.2013.00358/abstract},
    doi = {10.3389/fphys.2013.00358},
    issn = {1664042X},
    keywords = {Modeling, Software, Uncertainty quantification, Validation, Verification}
}

@article{Food2013EnsuringModels,
    title = {{Ensuring reliability of safety-critical clinical applications of computational cardiac models Ensuring reliability of safety-critical clinical applications of computational cardiac models}},
    year = {2013},
    journal = {Frontiers in Physiology},
    author = {Food, Pras Pathmanathan U S and Food, Gray U S},
    number = {DECEMBER},
    volume = {4 DEC},
    doi = {10.3389/fphys.2013.00358},
    issn = {1664-042X},
    pmid = {24376423},
    keywords = {Modeling, Software, Uncertainty quantification, Validation, Verification}
}

@article{Jcgm2008EvaluationMeasurement,
    title = {{Evaluation of measurement data — Guide to the expression of uncertainty in measurement}},
    year = {2008},
    journal = {International Organization for Standardization Geneva ISBN},
    author = {Jcgm, Joint Committee For Guides In Metrology},
    number = {September},
    pages = {134},
    volume = {50},
    url = {http://www.bipm.org/en/publications/guides/gum.html},
    isbn = {9267101889},
    doi = {10.1373/clinchem.2003.030528},
    issn = {00099147},
    pmid = {15105367},
    keywords = {GUM Guide to the expression of uncertainty in meas}
}

@article{Koyanagi2010ExaminationSonography,
    title = {{Examination of intercostal arteries with transthoracic doppler sonography}},
    year = {2010},
    journal = {Echocardiography},
    author = {Koyanagi, Tetsuya and Kawaharada, Nobuyoshi and Kurimoto, Yoshihiko and Ito, Toshiro and Baba, Toshio and Nakamura, Masanori and Watanebe, Atsushi and Higami, Tetsuya},
    number = {1},
    month = {1},
    pages = {17--20},
    volume = {27},
    doi = {10.1111/j.1540-8175.2009.00970.x},
    issn = {07422822},
    keywords = {Diagnostic imaging tools, Posterior intercostal artery, Ultrasound imaging}
}

@misc{Schindelin2012Fiji:Analysis,
    title = {{Fiji: An open-source platform for biological-image analysis}},
    year = {2012},
    booktitle = {Nature Methods},
    author = {Schindelin, Johannes and Arganda-Carreras, Ignacio and Frise, Erwin and Kaynig, Verena and Longair, Mark and Pietzsch, Tobias and Preibisch, Stephan and Rueden, Curtis and Saalfeld, Stephan and Schmid, Benjamin and Tinevez, Jean Yves and White, Daniel James and Hartenstein, Volker and Eliceiri, Kevin and Tomancak, Pavel and Cardona, Albert},
    number = {7},
    month = {7},
    pages = {676--682},
    volume = {9},
    publisher = {Nature Publishing Group},
    url = {http://www.nature.com/articles/nmeth.2019},
    isbn = {1548-7105 (Electronic){\textbackslash}r1548-7091 (Linking)},
    doi = {10.1038/nmeth.2019},
    issn = {15487091},
    pmid = {22743772},
    arxivId = {1081-8693},
    keywords = {Imaging, Software}
}

@article{Tedgui1984FiltrationAorta,
    title = {{Filtration through damaged and undamaged rabbit thoracic aorta}},
    year = {1984},
    journal = {Am J Physiol},
    author = {Tedgui, A and Lever, M J},
    number = {5 Pt 2},
    month = {11},
    pages = {784--91},
    volume = {247},
    publisher = {American Physiological Society Bethesda, MD},
    url = {http://www.ncbi.nlm.nih.gov/pubmed/6496759},
    doi = {10.1152/ajpheart.1984.247.5.H784},
    issn = {0002-9513},
    pmid = {6496759},
    keywords = {arterial wall, endothelial removal, fluid filtration, hydraulic conductivity, transmural pressure}
}

@article{White1986FluidMechanics,
    title = {{Fluid Mechanics}},
    year = {1986},
    author = {White, Frank M.},
    pages = {411--438},
    publisher = {McGraw Hill},
    url = {https://books.google.co.uk/books/about/Fluid_Mechanics.html?id=egk8SQAACAAJ&redir_esc=y},
    isbn = {3-540-61651-9}
}

@article{Vernon2010GalaxyAnalysis,
    title = {{Galaxy formation: A Bayesian uncertainty analysis}},
    year = {2010},
    journal = {Bayesian Analysis},
    author = {Vernon, Ian and Goldsteiny, Michael and Bowerz, Richard G.},
    number = {4},
    pages = {619--670},
    volume = {5},
    url = {https://projecteuclid.org/download/pdf_1/euclid.ba/1340110846},
    doi = {10.1214/10-BA524},
    issn = {19360975},
    keywords = {Bayes linear analysis, Computer models, Galaxy formation, Galform, History matching, Model discrepancy, Uncertainty analysis}
}

@article{Lee2008GeometryFlow,
    title = {{Geometry of the carotid bifurcation predicts its exposure to disturbed flow}},
    year = {2008},
    journal = {Stroke},
    author = {Lee, Sang Wook and Antiga, Luca and Spence, J. David and Steinman, David A},
    number = {8},
    pages = {2341--2347},
    volume = {39},
    url = {http://stroke.ahajournals.org},
    doi = {10.1161/STROKEAHA.107.510644},
    issn = {00392499},
    keywords = {Atherosclerosis, Carotid artery, Hemodynamics, Imaging, MRI, Risk factors}
}

@article{Yang2016Go-ICP:Registration,
    title = {{Go-ICP: A Globally Optimal Solution to 3D ICP Point-Set Registration}},
    year = {2016},
    journal = {IEEE Transactions on Pattern Analysis and Machine Intelligence},
    author = {Yang, Jiaolong and Li, Hongdong and Campbell, Dylan and Jia, Yunde},
    number = {11},
    month = {5},
    pages = {2241--2254},
    volume = {38},
    url = {http://arxiv.org/abs/1605.03344 http://dx.doi.org/10.1109/TPAMI.2015.2513405},
    isbn = {0098-5589},
    doi = {10.1109/TPAMI.2015.2513405},
    issn = {01628828},
    pmid = {26731638},
    arxivId = {1605.03344},
    keywords = {3D point-set registration, SE(3) space search, branch-and-bound, global optimization, iterative closest point}
}

@misc{Brodland2015HowSystems,
    title = {{How computational models can help unlock biological systems}},
    year = {2015},
    booktitle = {Seminars in Cell and Developmental Biology},
    author = {Brodland, G. Wayne},
    month = {12},
    pages = {62--73},
    volume = {47-48},
    publisher = {Academic Press},
    url = {https://www.sciencedirect.com/science/article/pii/S1084952115001287},
    isbn = {1084-9521},
    doi = {10.1016/j.semcdb.2015.07.001},
    issn = {10963634},
    pmid = {26165820},
    keywords = {Biological systems, Cell mechanics, Computational modelling, Developmental mechanisms, Embryo mechanics, Embryogenesis, Models, Morphogenetic movements, Review, Tissue mechanics}
}

@article{Steinman2019HowVariability,
    title = {{How patient specific are patient-specific computational models of cerebral aneurysms? An overview of sources of error and variability}},
    year = {2019},
    journal = {Neurosurgical Focus},
    author = {Steinman, David A. and Pereira, Vitor M.},
    number = {1},
    month = {7},
    pages = {E14},
    volume = {47},
    url = {https://thejns.org/focus/view/journals/neurosurg-focus/47/1/article-pE14.xml http://www.ncbi.nlm.nih.gov/pubmed/31261118 https://thejns.org/view/journals/neurosurg-focus/47/1/article-pE14.xml},
    doi = {10.3171/2019.4.focus19123},
    issn = {1092-0684},
    pmid = {31261118},
    keywords = {3DRA = 3D rotational angiography, CFD = computational fluid dynamics, ICA = internal carotid artery, MCA = middle cerebral artery, OSI = oscillatory shear index, TAWSS = time-averaged wall shear stress, WSS = wall shear stress, computational fluid dynamics, hemodynamics, image-based modeling, wall shear stress, wall stress}
}

@article{Schlett2013HowHistology,
    title = {{How to assess non-calcified plaque in CT angiography: Delineation methods affect diagnostic accuracy of low-attenuation plaque by CT for lipid-core plaque in histology}},
    year = {2013},
    journal = {European Heart Journal Cardiovascular Imaging},
    author = {Schlett, Christopher L. and Ferencik, Maros and Celeng, Csilla and Maurovich-Horvat, Pál and Scheffel, Hans and Stolzmann, Paul and Do, Synho and Kauczor, Hans-Ulrich Ulrich and Alkadhi, Hatem and Bamberg, Fabian and Hoffmann, Udo},
    number = {11},
    month = {11},
    pages = {1099--1105},
    volume = {14},
    publisher = {Oxford University Press},
    url = {https://academic.oup.com/ehjcimaging/article-lookup/doi/10.1093/ehjci/jet030},
    doi = {10.1093/ehjci/jet030},
    issn = {20472404},
    pmid = {23671211},
    keywords = {(Semi)-Automated plaque assessment, Coronary computed tomographic angiography, Low-attenuation plaque, Plaque delineation techniques, attenuation, computed tomographic angiography, diagnosis, histology, intravascular ultrasonography, lipids}
}

@article{Vihinen2012HowAnalysis.,
    title = {{How to evaluate performance of prediction methods? Measures and their interpretation in variation effect analysis.}},
    year = {2012},
    journal = {BMC genomics},
    author = {Vihinen, Mauno},
    number = {Suppl 4},
    month = {6},
    pages = {S2},
    volume = {13 Suppl 4},
    publisher = {BioMed Central},
    url = {http://www.ncbi.nlm.nih.gov/pubmed/22759650 http://www.pubmedcentral.nih.gov/articlerender.fcgi?artid=PMC3303716},
    isbn = {1471-2164 (Electronic){\textbackslash}r1471-2164 (Linking)},
    doi = {10.1186/1471-2164-13-S4-S2},
    issn = {14712164},
    pmid = {22759650}
}

@article{Boccadifuoco2018ImpactAneurysms,
    title = {{Impact of uncertainties in outflow boundary conditions on the predictions of hemodynamic simulations of ascending thoracic aortic aneurysms}},
    year = {2018},
    journal = {Computers and Fluids},
    author = {Boccadifuoco, A. and Mariotti, A. and Celi, S. and Martini, N. and Salvetti, M. V.},
    doi = {10.1016/j.compfluid.2018.01.012},
    issn = {00457930},
    keywords = {Ascending thoracic aortic aneurysm, CFD simulations, Magnetic resonance imaging, Polynomial chaos expansion, Uncertainty quantification}
}

@article{Ross1999InflammationAtherogenesis,
    title = {{Inflammation or Atherogenesis}},
    year = {1999},
    journal = {The New England Journal of Medicine},
    author = {Ross, Russell},
    editor = {Epstein, Franklin H.},
    number = {2},
    month = {1},
    pages = {115--126},
    volume = {340},
    publisher = {Massachusetts Medical Society},
    url = {http://www.nejm.org/doi/10.1056/NEJM199901143400207},
    isbn = {0028-4793 (Print){\textbackslash}r0028-4793 (Linking)},
    doi = {10.1056/NEJM199901143400207},
    issn = {00284793},
    pmid = {9887164},
    arxivId = {NIHMS150003}
}

@misc{Meng2014InflammatoryFibrosis,
    title = {{Inflammatory processes in renal fibrosis}},
    year = {2014},
    booktitle = {Nature Reviews Nephrology},
    author = {Meng, Xiao Ming and Nikolic-Paterson, David J. and Lan, Hui Yao},
    number = {9},
    month = {9},
    pages = {493--503},
    volume = {10},
    publisher = {Nature Publishing Group},
    url = {http://www.nature.com/articles/nrneph.2014.114},
    isbn = {1759-507X (Electronic){\textbackslash}r1759-5061 (Linking)},
    doi = {10.1038/nrneph.2014.114},
    issn = {1759507X},
    pmid = {24981817},
    keywords = {Chronic kidney disease, Inflammation, Renal fibrosis}
}

@article{Liu2011InfluenceArteries.,
    title = {{Influence of non-Newtonian properties of blood on the wall shear stress in human atherosclerotic right coronary arteries.}},
    year = {2011},
    journal = {Molecular {\&} cellular biomechanics : MCB},
    author = {Liu, Biyue and Tang, Dalin},
    number = {1},
    month = {3},
    pages = {73--90},
    volume = {8},
    publisher = {NIH Public Access},
    url = {http://www.ncbi.nlm.nih.gov/pubmed/21379375 http://www.pubmedcentral.nih.gov/articlerender.fcgi?artid=PMC3047441 http://www.ncbi.nlm.nih.gov/pubmed/21379375%5Cnhttp://www.pubmedcentral.nih.gov/articlerender.fcgi?artid=PMC3047441},
    isbn = {1556-5297{\textbackslash}r1556-5300},
    doi = {10.3970/mcb.2011.008.073},
    issn = {1556-5297},
    pmid = {21379375},
    keywords = {Wall shear stress, blood flow simulation, coronary artery, non-Newtonian, stenosis}
}

@article{Sun2007InfluenceWall,
    title = {{Influence of pulsatile flow on LDL transport in the arterial wall}},
    year = {2007},
    journal = {Annals of Biomedical Engineering},
    author = {Sun, Nanfeng and Wood, Nigel B. and Hughes, Alun D. and Thom, Simon A.M. and Xu, X. Yun},
    number = {10},
    month = {9},
    pages = {1782--1790},
    volume = {35},
    publisher = {Springer US},
    url = {http://link.springer.com/10.1007/s10439-007-9347-1},
    isbn = {0090-6964 (Print)},
    doi = {10.1007/s10439-007-9347-1},
    issn = {00906964},
    pmid = {17629792},
    keywords = {Atherosclerosis, LDL transport, Lipid accumulation, Wall shear stress}
}

@article{Gallo2016InsightsBifurcation,
    title = {{Insights into the co-localization of magnitude-based versus direction-based indicators of disturbed shear at the carotid bifurcation}},
    year = {2016},
    journal = {Journal of Biomechanics},
    author = {Gallo, Diego and Steinman, David A. and Morbiducci, Umberto},
    number = {12},
    month = {8},
    pages = {2413--2419},
    volume = {49},
    publisher = {Elsevier},
    url = {https://www.sciencedirect.com/science/article/pii/S0021929016301336?via%3Dihub#bib12},
    isbn = {0001-7302},
    doi = {10.1016/j.jbiomech.2016.02.010},
    issn = {18732380},
    pmid = {26900036},
    keywords = {Atherosclerosis, Carotid bifurcation, Computational hemodynamics, Multidirectionality, Wall shear stress}
}

@book{Levick2010Introduction5ed,
    title = {{Introduction to Cardiovascular Physiology, 5ed}},
    year = {2010},
    author = {Levick, J},
    pages = {414},
    publisher = {Hodder Arnold},
    url = {https://books.google.com.au/books?id=HjFtQgAACAAJ},
    isbn = {9780340763766}
}

@article{Strong2012ManagingApproach,
    title = {{Managing structural uncertainty in health economic decision models: A discrepancy approach}},
    year = {2012},
    journal = {Journal of the Royal Statistical Society. Series C: Applied Statistics},
    author = {Strong, Mark and Oakley, Jeremy E and Chilcott, Jim},
    number = {1},
    pages = {25--45},
    volume = {61},
    url = {https://rss.onlinelibrary.wiley.com/doi/pdf/10.1111/j.1467-9876.2011.01014.x},
    doi = {10.1111/j.1467-9876.2011.01014.x},
    issn = {00359254},
    keywords = {Computer model, Elicitation, Health economics, Model uncertainty, Sensitivity analysis, Uncertainty analysis}
}

@article{Kim2015MassEndothelium,
    title = {{Mass Transport of Low Density Lipoprotein in Reconstructed Hemodynamic Environments of Human Carotid Arteries: The Role of Volume and Solute Flux Through the Endothelium}},
    year = {2015},
    journal = {Journal of Biomechanical Engineering},
    author = {Kim, Sungho and Giddens, Don P},
    number = {4},
    month = {4},
    pages = {041007},
    volume = {137},
    publisher = {American Society of Mechanical Engineers},
    url = {http://biomechanical.asmedigitalcollection.asme.org/article.aspx?doi=10.1115/1.4028969},
    doi = {10.1115/1.4028969},
    issn = {0148-0731},
    pmid = {2015339611},
    keywords = {Atherosclerosis, Bifurcation, Blood, Boundary-value problems, Carotid arteries, Density, Flow (Dynamics), Fluid structure interaction, Fluids, Geometry, Hemodynamics, Junctions, Leakage, Magnetic resonance imaging, Mass transfer, Plasmas (Ionized gases), Pressure, Shear (Mechanics), Stress, Vessels}
}

@book{Melnik2015MathematicalArts,
    title = {{Mathematical and Computational Modeling: With Applications in Natural and Social Sciences, Engineering, and the Arts}},
    year = {2015},
    author = {Melnik, Roderick},
    pages = {552},
    url = {https://www.wiley.com/en-us/Mathematical+and+Computational+Modeling%3A+With+Applications+in+Natural+and+Social+Sciences%2C+Engineering%2C+and+the+Arts-p-9781118853986},
    isbn = {9781118853856}
}

@article{Cilla2014MathematicalArteries,
    title = {{Mathematical modelling of atheroma plaque formation and development in coronary arteries}},
    year = {2014},
    journal = {Journal of the Royal Society Interface},
    author = {Cilla, Myriam and Pe{\~{n}}a, Estefanía and Mart{\'{i}}nez, Miguel A},
    number = {90},
    month = {1},
    pages = {20130866},
    volume = {11},
    publisher = {The Royal Society},
    url = {http://www.ncbi.nlm.nih.gov/pubmed/24196695 http://www.pubmedcentral.nih.gov/articlerender.fcgi?artid=PMC3836327},
    isbn = {1742-5662 (Electronic){\textbackslash}r1742-5662 (Linking)},
    doi = {10.1098/rsif.2013.0866},
    issn = {17425662},
    pmid = {24196695},
    keywords = {Atheroma plaque formation, Convection-diffusion-reaction equations, Low-density lipoprotein transport}
}

@article{CillaHernandez2013MechanicalAnd,
    title = {{Mechanical effects on the atheroma plaque appearance , growth and}},
    year = {2013},
    author = {Cilla Hern{\'{a}}ndez, Myriam},
    publisher = {Universidad de Zaragoza, Prensas de la Universidad},
    url = {https://zaguan.unizar.es/record/10343?ln=en}
}

@article{Lin2017MechanismsModel,
    title = {{Mechanisms of stochastic onset and termination of atrial fibrillation studied with a cellular automaton model}},
    year = {2017},
    journal = {Journal of the Royal Society, Interface},
    author = {Lin, Yen Ting and Chang, Eugene T.Y. and Eatock, Julie and Galla, Tobias and Clayton, Richard H.},
    number = {128},
    month = {3},
    pages = {20160968},
    volume = {14},
    publisher = {The Royal Society},
    url = {http://www.ncbi.nlm.nih.gov/pubmed/28356539 http://www.pubmedcentral.nih.gov/articlerender.fcgi?artid=PMC5378131},
    isbn = {0000000284387},
    doi = {10.1098/rsif.2016.0968},
    issn = {17425662},
    pmid = {28356539},
    arxivId = {1612.03403},
    keywords = {atrial fibrillation, cellular automata, model, re-entry, termination}
}

@article{Qiao2008MedicalSimulation.,
    title = {{Medical application oriented blood flow simulation.}},
    year = {2008},
    journal = {Clinical biomechanics (Bristol, Avon)},
    author = {Qiao, Aike and Liu, Youjun},
    month = {1},
    pages = {130--6},
    volume = {23 Suppl 1},
    publisher = {Elsevier},
    url = {http://linkinghub.elsevier.com/retrieve/pii/S0268003307002161 http://www.ncbi.nlm.nih.gov/pubmed/18023946},
    doi = {10.1016/j.clinbiomech.2007.09.018},
    issn = {0268-0033},
    pmid = {18023946},
    keywords = {Animals, Arteries, Arteries: physiopathology, Blood Flow Velocity, Blood Pressure, Cardiovascular, Computer Simulation, Humans, Models, Peripheral Vascular Diseases, Peripheral Vascular Diseases: physiopathology}
}

@article{Paliwal2017MethodologyAneurysm,
    title = {{Methodology for Computational Fluid Dynamic Validation for Medical Use: Application to Intracranial Aneurysm}},
    year = {2017},
    journal = {Journal of Biomechanical Engineering},
    author = {Paliwal, Nikhil and Damiano, Robert J. and Varble, Nicole A. and Tutino, Vincent M. and Dou, Zhongwang and Siddiqui, Adnan H. and Meng, Hui},
    number = {12},
    month = {9},
    pages = {121004},
    volume = {139},
    publisher = {American Society of Mechanical Engineers},
    url = {http://biomechanical.asmedigitalcollection.asme.org/article.aspx?doi=10.1115/1.4037792},
    doi = {10.1115/1.4037792},
    issn = {0148-0731},
    keywords = {Aneurysms, Computational fluid dynamics, Errors, Flow (Dynamics), Simulation, Uncertainty}
}

@article{Apostolidis2014ModelingFlows,
    title = {{Modeling of the blood rheology in steady-state shear flows}},
    year = {2014},
    journal = {Journal of Rheology},
    author = {Apostolidis, Alex J. and Beris, Antony N.},
    number = {3},
    pages = {607--633},
    volume = {58},
    doi = {10.1122/1.4866296},
    issn = {0148-6055}
}

@inproceedings{Dimov2010MonteIndices,
    title = {{Monte Carlo algorithms for evaluating Sobol' sensitivity indices}},
    year = {2010},
    booktitle = {Mathematics and Computers in Simulation},
    author = {Dimov, I. and Georgieva, R.},
    number = {3},
    month = {11},
    pages = {506--514},
    volume = {81},
    publisher = {North-Holland},
    url = {https://www.sciencedirect.com/science/article/pii/S0378475409002936?via%3Dihub},
    doi = {10.1016/j.matcom.2009.09.005},
    issn = {03784754},
    keywords = {Adaptive Monte Carlo algorithm, Global sensitivity indices, Multidimensional numerical integration, Sensitivity analysis}
}

@article{Southern2008Multi-scalePhysiology,
    title = {{Multi-scale computational modelling in biology and physiology}},
    year = {2008},
    journal = {Progress in Biophysics and Molecular Biology},
    author = {Southern, James and Pitt-Francis, Joe and Whiteley, Jonathan and Stokeley, Daniel and Kobashi, Hiromichi and Nobes, Ross and Kadooka, Yoshimasa and Gavaghan, David},
    number = {1-3},
    month = {1},
    pages = {60--89},
    volume = {96},
    publisher = {Pergamon},
    url = {https://www.sciencedirect.com/science/article/pii/S0079610707000673},
    doi = {10.1016/J.PBIOMOLBIO.2007.07.019},
    issn = {0079-6107}
}

@article{Gallagher2019Non-identifiabilityDynamics,
    title = {{Non-identifiability of parameters for a class of shear-thinning rheological models, with implications for haematological fluid dynamics}},
    year = {2019},
    journal = {Journal of Biomechanics},
    author = {Gallagher, M. T. and Wain, R. A.J. and Dari, S. and Whitty, J. P. and Smith, D. J.},
    month = {3},
    pages = {230--238},
    volume = {85},
    publisher = {Elsevier},
    url = {https://www.sciencedirect.com/science/article/pii/S0021929019300739},
    doi = {10.1016/j.jbiomech.2019.01.036},
    issn = {18732380},
    arxivId = {1810.02292},
    keywords = {Blood rheology, Identifiability, Non-Newtonian fluid dynamics, Parameter fitting}
}

@article{Itu2018Non-invasiveData,
    title = {{Non-invasive assessment of patient specific aortic haemodynamics from four-dimensional flow MRI data}},
    year = {2018},
    journal = {Interface Focus},
    author = {Itu, Lucian and Neumann, Dominik and Mihalef, Viorel and Meister, Felix and Kramer, Martin and Gulsun, Mehmet and Kelm, Marcus and Ku{\"{u}}hne, Titus and {Cardioproof} and Sharma, Puneet},
    number = {1},
    month = {2},
    volume = {8},
    publisher = {Royal Society Publishing},
    doi = {10.1098/rsfs.2017.0006},
    issn = {20428901},
    keywords = {Fluid-structure interaction, Haemodynamics, Parameter estimation, Reduced-order blood flow model, Regional mechanical wall properties, Windkessel}
}

@article{Johnston2006Non-NewtonianSimulations,
    title = {{Non-Newtonian blood flow in human right coronary arteries: Transient simulations}},
    year = {2006},
    journal = {Journal of Biomechanics},
    author = {Johnston, Barbara M. and Johnston, Peter R. and Corney, Stuart and Kilpatrick, David},
    number = {6},
    month = {1},
    pages = {1116--1128},
    volume = {39},
    publisher = {Elsevier},
    url = {https://www.sciencedirect.com/science/article/pii/S0021929005000977},
    isbn = {0021-9290},
    doi = {10.1016/j.jbiomech.2005.01.034},
    issn = {00219290},
    pmid = {16549100},
    keywords = {Blood flow, Computational fluid dynamics, Non-Newtonian, Right coronary artery, Transient}
}

@article{Whitlock2015NoninvasiveAorta,
    title = {{Noninvasive Imaging of Flow and Vascular Function in Disease of the Aorta}},
    year = {2015},
    journal = {JACC: Cardiovascular Imaging},
    author = {Whitlock, Matthew C and Hundley, W Gregory},
    number = {9},
    month = {9},
    pages = {1094--1106},
    volume = {8},
    publisher = {NIH Public Access},
    url = {http://www.ncbi.nlm.nih.gov/pubmed/26381770 http://www.pubmedcentral.nih.gov/articlerender.fcgi?artid=PMC4788092},
    isbn = {1936-878X},
    doi = {10.1016/j.jcmg.2015.08.001},
    issn = {18767591},
    pmid = {26381770},
    keywords = {aorta, aorta hemodynamics, aortic disease, distensibility, pulse wave velocity}
}

@article{Mahalingam2016NumericalArteries,
    title = {{Numerical analysis of the effect of turbulence transition on the hemodynamic parameters in human coronary arteries}},
    year = {2016},
    journal = {Cardiovascular Diagnosis and Therapy},
    author = {Mahalingam, Arun and Gawandalkar, Udhav Ulhas and Kini, Girish and Buradi, Abdulrajak and Araki, Tadashi and Ikeda, Nobutaka and Nicolaides, Andrew and Laird, John R and Saba, Luca and Suri, Jasjit S},
    number = {3},
    month = {6},
    pages = {208--220},
    volume = {6},
    publisher = {AME Publications},
    url = {http://www.ncbi.nlm.nih.gov/pubmed/27280084 http://www.pubmedcentral.nih.gov/articlerender.fcgi?artid=PMC4880750 http://cdt.amegroups.com/article/view/9829/10960},
    doi = {10.21037/cdt.2016.03.08},
    issn = {22233652},
    pmid = {27280084},
    keywords = {Coronary artery, IVUS, curvature, oscillatory shear index (OSI), stenosis, turbulence transition, wall shear stress (WSS)}
}

@article{Pirola2017OnDynamics,
    title = {{On the choice of outlet boundary conditions for patient-specific analysis of aortic flow using computational fluid dynamics}},
    year = {2017},
    journal = {Journal of Biomechanics},
    author = {Pirola, S. and Cheng, Z. and Jarral, O.A. and O'Regan, D.P. and Pepper, J.R. and Athanasiou, T. and Xu, X.Y.},
    month = {7},
    pages = {15--21},
    volume = {60},
    publisher = {Elsevier Ltd},
    url = {https://linkinghub.elsevier.com/retrieve/pii/S0021929017303007},
    doi = {10.1016/j.jbiomech.2017.06.005},
    issn = {00219290},
    keywords = {Aorta, Boundary conditions, Computational fluid dynamics (CFD), Hemodynamics, Patient-specific simulation, Windkessel model}
}

@article{Pirola2017OnDynamicsb,
    title = {{On the choice of outlet boundary conditions for patient-specific analysis of aortic flow using computational fluid dynamics}},
    year = {2017},
    journal = {Journal of Biomechanics},
    author = {Pirola, S. and Cheng, Z. and Jarral, O. A. and O'Regan, D. P. and Pepper, J. R. and Athanasiou, T. and Xu, X. Y.},
    doi = {10.1016/j.jbiomech.2017.06.005},
    issn = {18732380},
    keywords = {Aorta, Boundary conditions, Computational fluid dynamics (CFD), Hemodynamics, Patient-specific simulation, Windkessel model}
}

@article{Lee2007OnBifurcation,
    title = {{On the relative importance of rheology for image-based CFD models of the carotid bifurcation}},
    year = {2007},
    journal = {Journal of Biomechanical Engineering},
    author = {Lee, Sang Wook and Steinman, David A.},
    number = {2},
    month = {4},
    pages = {273--278},
    volume = {129},
    doi = {10.1115/1.2540836},
    issn = {01480731},
    keywords = {Carotid bifurcation, Computational fluid dynamics, Hematocrit, Non-Newtonian rheology, Wall shear stress}
}

@article{Grinberg2008OutflowOutlets,
    title = {{Outflow boundary conditions for arterial networks with multiple outlets}},
    year = {2008},
    journal = {Annals of Biomedical Engineering},
    author = {Grinberg, Leopold and Karniadakis, George Em},
    number = {9},
    month = {9},
    pages = {1496--1514},
    volume = {36},
    publisher = {Springer US},
    url = {http://link.springer.com/10.1007/s10439-008-9527-7},
    isbn = {1573-9686 (Electronic){\textbackslash}r0090-6964 (Linking)},
    doi = {10.1007/s10439-008-9527-7},
    issn = {00906964},
    pmid = {18612828},
    keywords = {Arterial tree, CFD, High-order methods, Parallel computing}
}

@misc{Singh2002PathogenesisProcess,
    title = {{Pathogenesis of atherosclerosis: A multifactorial process}},
    year = {2002},
    booktitle = {Experimental and Clinical Cardiology},
    author = {Singh, Raja B and Mengi, Sushma A and Xu, Yan Jun and Arneja, Amarjit S and Dhalla, Naranjan S},
    number = {1},
    pages = {40--53},
    volume = {7},
    publisher = {Pulsus Group},
    url = {http://www.ncbi.nlm.nih.gov/pubmed/19644578 http://www.pubmedcentral.nih.gov/articlerender.fcgi?artid=PMC2716189},
    isbn = {1205-6626},
    doi = {10.1007/978-94-007-7920-4{\_}9},
    issn = {12056626},
    pmid = {19644578},
    keywords = {Angiotensin, Atherogenesis, Cytokines, Growth factors, Oxidized low density lipoproteins, Plaque formation, Reactive oxygen species}
}

@article{Romarowski2018Patient-specificApproach,
    title = {{Patient-specific CFD modelling in the thoracic aorta with PC-MRI–based boundary conditions: A least-square three-element Windkessel approach}},
    year = {2018},
    journal = {International Journal for Numerical Methods in Biomedical Engineering},
    author = {Romarowski, Rodrigo M. and Lefieux, Adrien and Morganti, Simone and Veneziani, Alessandro and Auricchio, Ferdinando},
    number = {11},
    month = {11},
    pages = {e3134},
    volume = {34},
    publisher = {John Wiley {\&} Sons, Ltd},
    url = {http://doi.wiley.com/10.1002/cnm.3134},
    doi = {10.1002/cnm.3134},
    issn = {20407947},
    keywords = {Windkessel model, boundary conditions, computational fluid dynamics, patient-specific simulations, thoracic aorta}
}

@article{Bonfanti2019Patient-specificDatasets,
    title = {{Patient-specific haemodynamic simulations of complex aortic dissections informed by commonly available clinical datasets}},
    year = {2019},
    journal = {Medical Engineering and Physics},
    author = {Bonfanti, Mirko and Franzetti, Gaia and Maritati, Gabriele and Homer-Vanniasinkam, Shervanthi and Balabani, Stavroula and D{\'{i}}az-Zuccarini, Vanessa},
    month = {9},
    pages = {45--55},
    volume = {71},
    url = {https://linkinghub.elsevier.com/retrieve/pii/S1350453319301067},
    doi = {10.1016/j.medengphy.2019.06.012},
    issn = {18734030},
    keywords = {Aortic compliance, Aortic dissection, Boundary conditions, Computational fluid dynamics (CFD), Model personalisation, Parameter calibration, Patient-specific simulations, Windkessel model}
}

@article{Olgac2009Patient-specificStates,
    title = {{Patient-specific three-dimensional simulation of LDL accumulation in a human left coronary artery in its healthy and atherosclerotic states}},
    year = {2009},
    journal = {AJP: Heart and Circulatory Physiology},
    author = {Olgac, Ufuk and Poulikakos, Dimos and Saur, Stefan C and Alkadhi, Hatem and Kurtcuoglu, Vartan},
    number = {6},
    pages = {H1969-H1982},
    volume = {296},
    url = {http://www.ajpheart.orgh1969downloadedfromwww.physiology.org/journal/ajpheartby$%7BindividualUser.givenNames%7D$%7BindividualUser.surname%7D http://ajpheart.physiology.org/cgi/doi/10.1152/ajpheart.01182.2008},
    isbn = {0363-6135},
    doi = {10.1152/ajpheart.01182.2008},
    issn = {0363-6135},
    pmid = {19329764}
}

@article{Kolossvary2017PlaqueAssessment,
    title = {{Plaque imaging with CT—a comprehensive review on coronary CT angiography based risk assessment}},
    year = {2017},
    journal = {Cardiovascular Diagnosis and Therapy},
    author = {Kolossv{\'{a}}ry, Márton and Szilveszter, Bálint and Merkely, Béla and Maurovich-Horvat, Pál},
    number = {5},
    month = {10},
    pages = {489--506},
    volume = {7},
    publisher = {AME Publications},
    url = {http://www.ncbi.nlm.nih.gov/pubmed/29255692 http://www.pubmedcentral.nih.gov/articlerender.fcgi?artid=PMC5716945 http://cdt.amegroups.com/article/view/14282/17298},
    doi = {10.21037/cdt.2016.11.06},
    issn = {22233652},
    pmid = {29255692},
    keywords = {Coronary CT angiography (coronary CTA), coronary artery disease (CAD), risk assessment}
}

@article{Alimohammadi2015PredictingApproach,
    title = {{Predicting Atherosclerotic Plaque Location in an Iliac Bifurcation Using a Hybrid CFD/Biomechanical Approach}},
    year = {2015},
    journal = {Bioinformatics and Biomedical Engineering},
    author = {Alimohammadi, Mona and Pichardo-Almarza, C. and Di Tomaso, Giulia and Balabani, Stavroula and Agu, Obiekezie and D{\'{i}}az-Zuccarini, Vanessa},
    pages = {594--606},
    url = {http://link.springer.com/10.1007/978-3-319-16480-9_57},
    isbn = {978-3-319-16479-3},
    doi = {10.1007/978-3-319-16480-9{\_}57},
    issn = {16113349}
}

@article{Taylor1999PredictiveDecision-Making,
    title = {{Predictive Medicine: Computational Techniques in Therapeutic Decision-Making}},
    year = {1999},
    journal = {Computer Aided Surgery},
    author = {Taylor, Charles A and Draney, Mary T and Ku, Joy P and Parker, David and Steele, Brooke N and Wang, Ken and Zarins, Christopher K},
    number = {5},
    pages = {231--247},
    volume = {4},
    url = {https://www.tandfonline.com/action/journalInformation?journalCode=icsu21},
    doi = {10.3109/10929089909148176},
    issn = {1097-0150}
}

@article{Ku1985PulsatileStress,
    title = {{Pulsatile flow and atherosclerosis in the human carotid bifurcation. Positive correlation between plaque location and low oscillating shear stress}},
    year = {1985},
    journal = {Arteriosclerosis, Thrombosis, and Vascular Biology},
    author = {Ku, David N and Giddens, Don P and Zarins, Christopher K and Glagov, Seymour},
    number = {3},
    pages = {293--302},
    volume = {5},
    url = {http://ahajournals.org http://atvb.ahajournals.org/cgi/doi/10.1161/01.ATV.5.3.293},
    isbn = {0276-5047 (Print){\textbackslash}r0276-5047 (Linking)},
    doi = {10.1161/01.ATV.5.3.293},
    issn = {1079-5642},
    pmid = {3994585}
}

@article{Les2010QuantificationDynamics,
    title = {{Quantification of hemodynamics in abdominal aortic aneurysms during rest and exercise using magnetic resonance imaging and computational fluid dynamics}},
    year = {2010},
    journal = {Annals of Biomedical Engineering},
    author = {Les, Andrea S. and Shadden, Shawn C. and Figueroa, C. Alberto and Park, Jinha M. and Tedesco, Maureen M. and Herfkens, Robert J. and Dalman, Ronald L. and Taylor, Charles A.},
    number = {4},
    month = {4},
    pages = {1288--1313},
    volume = {38},
    publisher = {Springer US},
    url = {https://link.springer.com/content/pdf/10.1007%2Fs10439-010-9949-x.pdf http://link.springer.com/10.1007/s10439-010-9949-x},
    doi = {10.1007/s10439-010-9949-x},
    issn = {00906964},
    keywords = {Blood pressure, Flow waveforms, Mean wall shear stress, Mesh independence, Oscillatory shear index, Patient-specific, Turbulence, Windkessel boundary condition}
}

@article{Morrison2016RepresentingApproach,
    title = {{Representing model inadequacy: A stochastic operator approach}},
    year = {2016},
    author = {Morrison, Rebecca E and Oliver, Todd A and Moser, Robert D},
    pages = {1--48},
    url = {http://arxiv.org/abs/1604.01651},
    arxivId = {1604.01651}
}

@book{Saltelli2004SensitivityPractice,
    title = {{Sensitivity Analysis in practice}},
    year = {2004},
    booktitle = {John Wiley {\&} Sons, LTd},
    author = {Saltelli, Andrea and Tarantola, Stefano and Campolongo, Francesca and Ratto, Marco},
    pages = {1884--1887},
    url = {http://link.springer.com/10.1007/978-3-319-17885-1_1191},
    isbn = {978-3-319-17885-1},
    doi = {10.1007/978-3-319-17885-1{\_}1191}
}

@misc{Borgonovo2016SensitivityAdvances,
    title = {{Sensitivity analysis: A review of recent advances}},
    year = {2016},
    booktitle = {European Journal of Operational Research},
    author = {Borgonovo, Emanuele and Plischke, Elmar},
    number = {3},
    month = {2},
    pages = {869--887},
    volume = {248},
    publisher = {North-Holland},
    url = {https://www.sciencedirect.com/science/article/pii/S0377221715005469},
    isbn = {0377-2217},
    doi = {10.1016/j.ejor.2015.06.032},
    issn = {03772217},
    pmid = {19235817},
    keywords = {Computer experiments, Sensitivity analysis, Simulation}
}

@article{Bertoglio2012SequentialHemodynamics,
    title = {{Sequential parameter estimation for fluid-structure problems: Application to hemodynamics}},
    year = {2012},
    journal = {International Journal for Numerical Methods in Biomedical Engineering},
    author = {Bertoglio, Cristóbal and Moireau, Philippe and Gerbeau, Jean Frederic},
    number = {4},
    pages = {434--455},
    volume = {28},
    publisher = {John Wiley and Sons},
    url = {https://hal.inria.fr/inria-00603399},
    doi = {10.1002/cnm.1476},
    issn = {20407939},
    keywords = {Arterial stiffness estimation, Fluid-structure interaction, Inverse problem, Reduced-order unscented Kalman filter}
}

@article{Davies2005ShearEndothelium,
    title = {{Shear stress biology of the endothelium}},
    year = {2005},
    journal = {Annals of Biomedical Engineering},
    author = {Davies, Peter F. and Spaan, Jos. A. and Krams, Robert},
    number = {12 SPEC. ISS.},
    month = {12},
    pages = {1714--1718},
    volume = {33},
    publisher = {Kluwer Academic Publishers-Plenum Publishers},
    url = {http://link.springer.com/10.1007/s10439-005-8774-0},
    isbn = {0090-6964},
    doi = {10.1007/s10439-005-8774-0},
    issn = {00906964},
    pmid = {16389518},
    keywords = {Atherosclerosis, Biomechanics, High throughput analyses, Mechanotransduction, Vascular biology}
}

@book{Westerhof2010SnapshotsEducation,
    title = {{Snapshots of Hemodynamics: An Aid for Clinical Research and Graduate Education}},
    year = {2010},
    booktitle = {Snapshots of Hemodynamics: An Aid for Clinical Research and Graduate Education},
    author = {Westerhof, Nicolaas and Stergiopulos, Nikos and Noble, Mark I.M.},
    publisher = {Springer US},
    url = {http://link.springer.com/10.1007/978-1-4419-6363-5 http://www.springerlink.com/index/10.1007/978-1-4419-6363-5},
    address = {Boston, MA},
    isbn = {978-1-4419-6362-8},
    doi = {10.1007/978-1-4419-6363-5}
}

@article{Himburg2004SpatialPermeability,
    title = {{Spatial comparison between wall shear stress measures and porcine arterial endothelial permeability}},
    year = {2004},
    journal = {AJP: Heart and Circulatory Physiology},
    author = {Himburg, Heather A.},
    number = {5},
    month = {5},
    pages = {H1916-H1922},
    volume = {286},
    publisher = {American Physiological Society},
    url = {http://www.physiology.org/doi/10.1152/ajpheart.00897.2003 http://ajpheart.physiology.org/cgi/doi/10.1152/ajpheart.00897.2003},
    isbn = {0363-6135 (Print){\textbackslash}r0363-6135 (Linking)},
    doi = {10.1152/ajpheart.00897.2003},
    issn = {0363-6135},
    pmid = {14715506},
    keywords = {Evans blue dye, albumin, computational fluid dynamics, in vivo measurement, oscillatory shear index}
}

@article{Eck2015StochasticSystem,
    title = {{Stochastic sensitivity analysis for timing and amplitude of pressure waves in the arterial system}},
    year = {2015},
    journal = {International Journal for Numerical Methods in Biomedical Engineering},
    author = {Eck, Vinzenz Gregor and Feinberg, Jonathan and Langtangen, H. P. and Hellevik, Leif Rune},
    number = {4},
    month = {4},
    pages = {e02711},
    volume = {31},
    publisher = {Wiley-Blackwell},
    url = {http://doi.wiley.com/10.1002/cnm.2711},
    isbn = {2040-7947},
    doi = {10.1002/cnm.2711},
    issn = {20407947},
    pmid = {24459034},
    arxivId = {1606.06556},
    keywords = {Arterial stiffening, Sensitivity quantification, Systemic arterial tree, Wave propagation}
}

@article{Zhang2011StructuralModel,
    title = {{Structural uncertainty assessment in a discharge simulation model}},
    year = {2011},
    journal = {Hydrological Sciences Journal},
    author = {Zhang, Xiaoyong and H{\"{o}}rmann, Georg and Gao, Junfeng and Fohrer, Nicola},
    number = {5},
    pages = {854--869},
    volume = {56},
    url = {http://www.tandfonline.com/doi/abs/10.1080/02626667.2011.587426},
    isbn = {0262-6667},
    doi = {10.1080/02626667.2011.587426},
    issn = {0262-6667},
    keywords = {china, germany, hydrological modelling, kielstau, model structural uncertainty, perceptual model, xitaoxi}
}

@article{Hauser2012SystemModels,
    title = {{System Analyze of the Windkessel Models}},
    year = {2012},
    journal = {space},
    author = {Hauser, Jan and Parak, Jakub and Lozek, Miroslav and Havlik, Jan},
    pages = {5},
    volume = {100},
    url = {http://bmeg.fel.cvut.cz/wp-content/uploads/2013/06/Hauser-SYSTEM_ANALYZE_OF_THE_WINDKESSEL_MODELS.pdf},
    keywords = {frequency and step response, system analyze, windkessel effect, windkessel models}
}

@misc{Westerhof2009TheWindkessel,
    title = {{The arterial windkessel}},
    year = {2009},
    booktitle = {Medical and Biological Engineering and Computing},
    author = {Westerhof, Nico and Lankhaar, Jan Willem and Westerhof, Berend E.},
    number = {2},
    month = {2},
    pages = {131--141},
    volume = {47},
    publisher = {Springer-Verlag},
    url = {http://link.springer.com/10.1007/s11517-008-0359-2},
    isbn = {1741-0444 (Electronic){\textbackslash}r0140-0118 (Linking)},
    doi = {10.1007/s11517-008-0359-2},
    issn = {01400118},
    pmid = {18543011},
    keywords = {Arterial compliance, Characteristic impedance, Input impedance, Pressure-flow relation}
}

@article{Moran2000TheGlance,
    title = {{The Cardiovascular System at a Glance}},
    year = {2000},
    journal = {Medicine {\&} Science in Sports {\&} Exercise},
    author = {Moran, John F.},
    number = {4},
    pages = {879},
    volume = {32},
    publisher = {Wiley},
    url = {https://insights.ovid.com/crossref?an=00005768-200004000-00025},
    isbn = {978-0-470-65594-8},
    doi = {10.1097/00005768-200004000-00025},
    issn = {0195-9131},
    pmid = {25246403},
    arxivId = {arXiv:1011.1669v3}
}

@article{Quarteroni2017TheApplications,
    title = {{The cardiovascular system: Mathematical modelling, numerical algorithms and clinical applications}},
    year = {2017},
    journal = {Acta Numerica},
    author = {Quarteroni, A. and Manzoni, A. and Vergara, C.},
    month = {5},
    pages = {365--590},
    volume = {26},
    publisher = {Cambridge University Press},
    url = {https://www.cambridge.org/core/product/identifier/S0962492917000046/type/journal_article},
    isbn = {0918-6158},
    doi = {10.1017/S0962492917000046},
    issn = {14740508}
}

@phdthesis{Gabriel2017TheGrowth,
    title = {{The influence of haemodynamics on the mechanics of atherosclerosis growth}},
    year = {2017},
    author = {Gabriel, Sargon},
    url = {https://researchbank.rmit.edu.au/eserv/rmit:162234/Gabriel.pdf},
    school = {RMIT University},
    keywords = {Atherosclerosis, Biomechanics, Cardiovascular flow, Computational fluid dynamics, Pulsatile blood flow, Species transport}
}

@article{Gijsen1999TheModel,
    title = {{The influence of the non-Newtonian properties of blood on the flow in large arteries: steady flow in a carotid bifurcation model}},
    year = {1999},
    journal = {Journal of Biomechanics},
    author = {Gijsen, F.J.H. and van de Vosse, F.N. and Janssen, J.D.},
    number = {6},
    month = {6},
    pages = {601--608},
    volume = {32},
    publisher = {Elsevier},
    url = {https://www.sciencedirect.com/science/article/pii/S0021929099000159},
    doi = {10.1016/S0021-9290(99)00015-9},
    issn = {0021-9290}
}

@article{Peacock1998TheTube,
    title = {{The onset of turbulence in physiological pulsatile flow in a straight tube}},
    year = {1998},
    journal = {Experiments in Fluids},
    author = {Peacock, J. and Jones, T. and Tock, C. and Lutz, R.},
    number = {1},
    month = {1},
    pages = {1--9},
    volume = {24},
    publisher = {Springer-Verlag},
    url = {http://link.springer.com/10.1007/s003480050144},
    isbn = {0723-4864},
    doi = {10.1007/s003480050144},
    issn = {07234864}
}

@article{Kedem1958ThermodynamicNon-electrolytes,
    title = {{Thermodynamic analysis of the permeability of biological membranes to non-electrolytes}},
    year = {1958},
    journal = {BBA - Biochimica et Biophysica Acta},
    author = {Kedem, O. and Katchalsky, A.},
    number = {C},
    month = {1},
    pages = {229--246},
    volume = {27},
    publisher = {Elsevier},
    url = {https://www.sciencedirect.com/science/article/pii/0006300258903305},
    isbn = {0006-3002},
    doi = {10.1016/0006-3002(58)90330-5},
    issn = {00063002},
    pmid = {2673395}
}

@techreport{Stergiopulos1999TotalModel,
    title = {{Total arterial inertance as the fourth element of the windkessel model}},
    year = {1999},
    author = {Stergiopulos, Nikos and Westerhof, Berend E and Westerhof, Nico},
    url = {http://ajpheart.physiology.org/ www.physiology.org/journal/ajpheart},
    keywords = {aortic characteristic impedance, aortic pressure and flow, dog, human, total arterial compliance, total arterial inertance, windkessels}
}

@article{Gupta2012TowardsAdequacy,
    title = {{Towards a comprehensive assessment of model structural adequacy}},
    year = {2012},
    journal = {Water Resources Research},
    author = {Gupta, Hoshin V. and Clark, Martyn P. and Vrugt, Jasper A. and Abramowitz, Gab and Ye, Ming},
    number = {8},
    pages = {1--16},
    volume = {48},
    isbn = {0043-1397},
    doi = {10.1029/2011WR011044},
    issn = {00431397},
    keywords = {evaluation, functional adequacy, model structural adequacy, model structure error, uncertainty, unifying framework}
}

@article{Diaz-Zuccarini2014TowardsApproach,
    title = {{Towards personalised management of atherosclerosis via computational models in vascular clinics: technology based on patient-specific simulation approach}},
    year = {2014},
    journal = {Healthcare Technology Letters},
    author = {D{\'{i}}az-Zuccarini, Vanessa and Agu, Obiekezie and Di Tomaso, Giulia and Pichardo-Almarza, C.},
    number = {1},
    month = {1},
    pages = {13--18},
    volume = {1},
    publisher = {IET: Institution of Engineering and Technology},
    url = {http://www.ncbi.nlm.nih.gov/pubmed/26609369 http://www.pubmedcentral.nih.gov/articlerender.fcgi?artid=PMC4613843 http://digital-library.theiet.org/content/journals/10.1049/htl.2013.0040},
    isbn = {VO - 1},
    doi = {10.1049/htl.2013.0040},
    issn = {2053-3713},
    pmid = {26609369},
    keywords = {atherosclerosis, computational models, computer simulations, diseases, health care, national health systems, patient-specific simulation approach, personalised healthcare, personalised management, vascular clinics, vascular service unit}
}

@misc{Liang2019TowardsTool,
    title = {{Towards the Clinical utility of CFD for assessment of intracranial aneurysm rupture - A systematic review and novel parameter-ranking tool}},
    year = {2019},
    booktitle = {Journal of NeuroInterventional Surgery},
    author = {Liang, Li and Steinman, David A. and Brina, Olivier and Chnafa, Christophe and Cancelliere, Nicole M. and Pereira, Vitor M.},
    number = {2},
    month = {2},
    pages = {153--158},
    volume = {11},
    publisher = {BMJ Publishing Group},
    doi = {10.1136/neurintsurg-2018-014246},
    issn = {17598486},
    keywords = {aneurysm, blood flow, hemorrhage, stroke, technology}
}

@article{Mirams2016UncertaintyPhysiology,
    title = {{Uncertainty and variability in computational and mathematical models of cardiac physiology}},
    year = {2016},
    journal = {Journal of Physiology},
    author = {Mirams, Gary R. and Pathmanathan, Pras and Gray, Richard A. and Challenor, Peter and Clayton, Richard H.},
    number = {23},
    month = {12},
    pages = {6833--6847},
    volume = {594},
    publisher = {Wiley/Blackwell (10.1111)},
    url = {http://doi.wiley.com/10.1113/JP271671},
    isbn = {1469-7793 (Electronic) 0022-3751 (Linking)},
    doi = {10.1113/JP271671},
    issn = {14697793},
    pmid = {26990229}
}

@article{Tian2014UncertaintyErrors,
    title = {{Uncertainty in high and low flows due to model structure and parameter errors}},
    year = {2014},
    journal = {Stochastic Environmental Research and Risk Assessment},
    author = {Tian, Ye and Booij, Martijn J. and Xu, Yue Ping},
    number = {2},
    month = {2},
    pages = {319--332},
    volume = {28},
    publisher = {Springer Berlin Heidelberg},
    url = {http://link.springer.com/10.1007/s00477-013-0751-9},
    isbn = {0047701307519},
    doi = {10.1007/s00477-013-0751-9},
    issn = {14363240},
    keywords = {Extreme flows, GLUE, GR4J, HBV, Uncertainty analysis, Xinanjiang}
}

@article{Tian2003UncertaintyErrors,
    title = {{Uncertainty in high and low flows due to parameter and model structure errors}},
    year = {2003},
    journal = {Stochastic Environmental Research and Risk Assessment},
    author = {Tian, Ye and Booij, Martijn J.},
    number = {1997},
    pages = {319--332},
    isbn = {0047701307519},
    doi = {10.1007/s00477-013-0751-9},
    keywords = {uncertainty analysis {\'{a}} glue, xinanjiang {\'{a}} extreme flows, {\'{a}}, {\'{a}} gr4j {\'{a}} hbv}
}

@phdthesis{Sudret2007UncertaintyMethods,
    title = {{Uncertainty propagation and sensitivity analysis in mechanical models -- Contributions to structural reliability and stochastic spectral methods}},
    year = {2007},
    booktitle = {Habilitationa diriger des recherches},
    author = {Sudret, Bruno},
    pages = {1--252},
    url = {http://www.imsia.cnrs.fr/IMG/pdf/resume_these_sudret.pdf}
}

@article{Loong2003UnderstandingBrain,
    title = {{Understanding sensitivity and specificity with the right side of the brain}},
    year = {2003},
    journal = {Bmj},
    author = {Loong, T.-W.},
    number = {7417},
    pages = {716--719},
    volume = {327},
    url = {http://www.bmj.com/cgi/doi/10.1136/bmj.327.7417.716},
    isbn = {1468-5833},
    doi = {10.1136/bmj.327.7417.716},
    issn = {0959-8138},
    pmid = {14512479}
}

@article{Stergiopulos1999UseVivo,
    title = {{Use of pulse pressure method for estimating total arterial compliance in vivo}},
    year = {1999},
    journal = {American Journal of Physiology - Heart and Circulatory Physiology},
    author = {Stergiopulos, N. and Segers, P. and Westerhof, N.},
    number = {2 45-2},
    month = {2},
    pages = {H424-H428},
    volume = {276},
    publisher = {American Physiological SocietyBethesda, MD},
    url = {http://www.physiology.org/doi/10.1152/ajpheart.1999.276.2.H424},
    doi = {10.1152/ajpheart.1999.276.2.h424},
    issn = {03636135},
    pmid = {9950841},
    keywords = {Aortic occlusion, Decay time method, Dog, Proximal aorta}
}

@article{Pichardo-Almarza2015UsingHumans,
    title = {{Using a systems pharmacology approach to study the effect of statins on the early stage of atherosclerosis in humans}},
    year = {2015},
    journal = {CPT: Pharmacometrics and Systems Pharmacology},
    author = {Pichardo-Almarza, C. and Metcalf, L. and Finkelstein, A. and D{\'{i}}az-Zuccarini, Vanessa},
    number = {1},
    pages = {41--50},
    volume = {4},
    doi = {10.1002/psp4.7},
    issn = {21638306},
    pmid = {26225221}
}

@article{Saltelli2010VarianceIndex,
    title = {{Variance based sensitivity analysis of model output. Design and estimator for the total sensitivity index}},
    year = {2010},
    journal = {Computer Physics Communications},
    author = {Saltelli, Andrea and Annoni, Paola and Azzini, Ivano and Campolongo, Francesca and Ratto, Marco and Tarantola, Stefano},
    number = {2},
    pages = {259--270},
    volume = {181},
    url = {http://www.elsevier.com/copyrightwww.elsevier.com/locate/cpc},
    isbn = {0010-4655},
    doi = {10.1016/j.cpc.2009.09.018},
    issn = {00104655},
    pmid = {472021852}
}

@misc{Niederer2011VerificationBenchmark,
    title = {{Verification of cardiac tissue electrophysiology simulators using an N-version benchmark}},
    year = {2011},
    booktitle = {Philosophical Transactions of the Royal Society A: Mathematical, Physical and Engineering Sciences},
    author = {Niederer, Steven A and Kerfoot, Eric and Benson, Alan P and Bernabeu, Miguel O and Bernus, Olivier and Bradley, Chris and Cherry, Elizabeth M and Clayton, Richard and Fenton, Flavio H and Garny, Alan and Heidenreich, Elvio and Land, Sander and Maleckar, Mary and Pathmanathan, Pras and Plank, Gernot and Rodr{\'{i}}guez, José F and Roy, Ishani and Sachse, Frank B and Seemann, Gunnar and Skavhaug, Ola and Smith, Nic P},
    number = {1954},
    month = {11},
    pages = {4331--4351},
    volume = {369},
    publisher = {The Royal Society},
    url = {http://www.ncbi.nlm.nih.gov/pubmed/21969679 http://www.pubmedcentral.nih.gov/articlerender.fcgi?artid=PMC3263775},
    isbn = {1364-503X (Print){\textbackslash}n1364-503X (Linking)},
    doi = {10.1098/rsta.2011.0139},
    issn = {1364503X},
    pmid = {21969679},
    keywords = {Benchmark, Cardiac, Electrophysiology, Modelling, Verification}
}

@article{Huberts2018WhatPaper,
    title = {{What is needed to make cardiovascular models suitable for clinical decision support? A viewpoint paper}},
    year = {2018},
    journal = {Journal of Computational Science},
    author = {Huberts, Wouter and Heinen, Stefan G.H. and Zonnebeld, Niek and van den Heuvel, Daniel A.F. and de Vries, Jean Paul P.M. and Tordoir, Jan H.M. and Hose, D. Rodney and Delhaas, Tammo and van de Vosse, Frans N.},
    month = {1},
    pages = {68--84},
    volume = {24},
    publisher = {Elsevier},
    url = {https://www.sciencedirect.com/science/article/pii/S1877750317307901},
    doi = {10.1016/j.jocs.2017.07.006},
    issn = {18777503},
    keywords = {Cardiovascular modeling, Model personalization, Model predictive clinical decision support, Sensitivity analysis, Uncertainty quantification}
}

@article{Strong2014WhenDiscrepancies,
    title = {{When Is a Model Good Enough? Deriving the Expected Value of Model Improvement via Specifying Internal Model Discrepancies}},
    year = {2014},
    journal = {SIAM/ASA Journal on Uncertainty Quantification},
    author = {Strong, Mark and Oakley, Jeremy E},
    number = {1},
    pages = {106--125},
    volume = {2},
    url = {https://epubs.siam.org/doi/pdf/10.1137/120889563 http://epubs.siam.org/doi/10.1137/120889563},
    doi = {10.1137/120889563},
    issn = {2166-2525},
    keywords = {60G15, 62C99, 62P20, 91B74, 91G60, Bayesian decision theory, Gaussian process AMS subject classifications 49Q12, computer model, expected value of perfect information, health economic model, model uncertainty}
}